@InProceedings{Alexandrescu2006,
  title     = {{F}actored {N}eural {L}anguage {M}odels},
  author    = {Andrei Alexandrescu and Katrin Kirchhoff},
  booktitle = {Proceedings of NAACL},
  year      = {2006}
}

@InProceedings{Andor2016,
  title     = {{G}lobally {N}ormalized {T}ransition-{B}ased {N}eural {N}etworks},
  author    = {Daniel Andor and Chris Alberti and David Weiss and Aliaksei Severyn and Alessandro Presta and Kuzman Ganchev and Slav Petrov and Michael Collins},
  booktitle = {Proceedings of ACL},
  year      = {2016}
}

@InProceedings{Stoyanov2011,
  title     = {{E}mpirical {R}isk {M}inimization of {G}raphical {M}odel {P}arameters {G}iven {A}pproximate {I}nference, {D}ecoding, and {M}odel {S}tructure},
  author    = {Veselin Stoyanov and Alexander Ropson and Jason Eisner},
  booktitle = {Proceedings of AISTATS},
  year      = {2011}
}

@InProceedings{Eaton2009,
  title     = {{C}hoosing a {V}ariable to {C}lamp: {A}pproximate {I}nference {U}sing {C}onditioned {B}elief {P}ropagation},
  author    = {Frederik Eaton and Zoubin Ghahramani},
  booktitle = {Proceedings of AISTATS},
  year      = {2009}
}

@InProceedings{Andreas2016,
  title     = {{L}earning to {C}ompose {N}eural {N}etworks for {Q}uestion {A}nswering},
  author    = {Jacob Andreas and Marcus Rohrbach and Trevor Darrell and Dan Klein},
  booktitle = {Proceedings of NAACL},
  year      = {2016}
}

@InProceedings{Augasta2013,
  title     = {{P}runing {A}lgorithms of {N}eural {N}etworks - {A} {C}omparative {S}tudy},
  author    = {M. Gethsiyal Augasta and Thangairulappan Kathirvalavakumar},
  booktitle = {Central European Journal of Computer Science},
  year      = {2013}
}


@article{Baker1979,
  title     = {{T}rainable {G}rammars for {S}peech {R}ecognition},
  author    = {James K. Baker},
  journal = {Speech Communication Papers for the 97th Meeting of the Acoustical Society},
  year      = {1979}
}

@article{neal1998,
  title     = { A new view of the {EM} algorithm that justifies incremental, sparse
and other variants},
  author    = {Radford. M. Neal and Geoffrey E. Hinton},
  journal = {Learning in Graphical Models},
  year      = {1998}
}


@InProceedings{Ballesteros2015,
  title     = {{I}mproved {T}ransition-{B}ased {P}arsing by {M}odeling {C}haracters instead of {W}ords with {LSTM}s },
  author    = {Miguel Ballesteros and Chris Dyer and Noah A. Smith},
  booktitle = {Proceedings of EMNLP},
  year      = {2015}
}

@InProceedings{Bahdanau2015,
  title     = {{N}eural {M}achine {T}ranslation by {J}ointly {L}earning to {A}lign and {T}ranslate},
  author    = {Dzmitry Bahdanau and Kyunghyun Cho and Yoshua Bengio},
  booktitle = {Proceedings of ICLR},
  year      = {2015}
}

@article{Bengio1994,
  title     = {{L}earning {L}ong-term {D}ependencies with {G}radient {D}escent is {D}ifficult},
  author    = {Yoshua Bengio and Patrice Simard and Paolo Frasconi},
  journal = {IEEE Transactions on Neural Networks},
  year      = {1994},
  volume = {5},
  pages = {157-166}
}

@article{Bengio2003,
  title     = {{A} {N}eural {P}robabilistic {L}anguage {M}odel},
  author    = {Yoshua Bengio and Rejean Ducharme and Pascal Vincent},
  journal = {Journal of Machine Learning Research},
  year      = {2003},
  volume = {3},
  pages = {1137-1155}
}

@article{gutmann2012,
  title     = {Noise-{C}ontrastive {E}stimation of {U}nnormalized 
    {S}tatistical {M}odels, with {A}pplications to {N}atural {I}mage {S}tatistics},
  author    = {Michael U. Gutmann  and Aapo Hyv\"{a}rinen},
  journal = {Journal of Machine Learning Research},
  year      = {2012},
  volume = {3},
  pages = {307-361}
}

@article{gutmann2014,
  title     = {Likelihood-free {I}nference via {C}lassification},
  author    = {Michael U. Gutmann and Ritabrata Dutta and Samuel Kaski and Jukka Corander},
  journal = {arXiv:1407.4981},
  year      = {2014}
}

@article{bernton2017,
  title     = {Inference in generative models using the Wasserstein distance},
  author    = {Espen Bernton and Pierre E. Jacob and Mathieu Gerber and Christian P. Robert},
  journal = {arXiv:1701.05146},
  year      = {2017}
}


@article{marin2012,
  title     = {{A}pproximate {B}ayesian {C}omputational {M}ethods},
  author    = {Jean-Michel Marin and Pierre Pudlo and Christian P. Robert and Robin Ryder},
  journal = {Statistics and Computing},
  year      = {2012},
  volume = {22},
  pages = {1167-1180}
}



@InProceedings{Bengio2009,
  title     = {{C}urriculum {L}earning},
  author    = {Yoshua Bengio and Jerome Lourandour and Ronan Collobert and Jason Weston},
  booktitle = {Proceedings of ICML},
  year      = {2009}
}

@InProceedings{Bilmes2003,
  title     = {{F}actored {L}anguage {M}odels and {G}eneralized {P}arallel {B}ackoff},
  author    = {Jeff Bilmes and Katrin Kirchhoff},
  booktitle = {Proceedings of NAACL},
  year      = {2003}
}

@InProceedings{Buck2014,
  title     = {{N}-gram {C}ounts and {L}anguage {M}odels from the {C}ommon {C}rawl},
  author    = {Christian Buck and Kenneth Heafield and Bas van Ooyen},
  booktitle = {Proceedings of LREC},
  year      = {2014}
}

@InProceedings{Bowman2016a,
  title     = {{A} {F}ast {U}nified {M}odel for {P}arsing and {S}entence {U}nderstanding},
  author    = {Samuel R. Bowman and Jon Gauthier and Abhinav Rastogi and Raghav Gupta and Christopher D. Manning and Christopher Potts},
  booktitle = {Proceedings of ACL},
  year      = {2016}
}

@InProceedings{fhmm1996,
  title     = {{F}actorial {H}idden {M}arkov {M}odels},
  author    = {Zoubin Ghahramani and Michael I. Jordan},
  booktitle = {Proceedings of NIPS},
  year      = {1996}
}


@InProceedings{Bowman2015,
  title     = {{T}ree-{S}tructured {C}omposition in {N}eural {N}etworks without {T}ree-{S}tructured {A}rchitectures},
  author    = {Samuel R. Bowman and Christopher D. Manning and Christopher Potts},
  booktitle = {Proceedings of the NIPS workshop on Cognitive Computation: Integrating Neural and Symbolic Approaches},
  year      = {2015}
}

@InProceedings{Bowman2015b,
  title     = {{A} {L}arge {A}nnotated {C}orpus for {L}earning {N}atural {L}anguage {I}nference},
  author    = {Samuel R. Bowman and Gabor Angeli and Christopher Potts and Christopher D. Manning},
  booktitle = {Proceedings of EMNLP},
  year      = {2015}
}

@InProceedings{Bucila2006,
  title     = {{M}odel {C}ompression},
  author    = {Cristian Bucila and Rich Caruana and Alexandru Niculescu-Mizil},
  booktitle = {Proceedings of KDD},
  year      = {2006}
}


@InProceedings{Botha2014,
  title     = {{C}ompositional {M}orphology for {W}ord {R}epresentations and {L}anguage {M}odelling},
  author    = {Jan Botha and Phil Blunsom},
  booktitle = {Proceedings of ICML},
  year      = {2014}
}

@article{Chan2015,
  title     = {{L}isten, {A}ttend and {S}pell},
  author    = {William Chan and Navdeep Jaitly and Quoc Le and Oriol Vinyals},
  journal = {arXiv:1508.01211},
  year      = {2015}
}

@article{Chan2015b,
  title     = {{T}ransfering {K}nowledge from a {RNN} to a {DNN}},
  author    = {William Chan and Nan Rosemary Ke and Ian Laner},
  journal = {arXiv:1504.01483},
  year      = {2015}
}

@article{Chen1998,
  title     = {{A}n {E}mpirical {S}tudy of {S}moothing {T}echniques for {L}anguage {M}odeling},
  author    = {Stanley Chen and Joshua Goodman},
  journal = {Technical Report, Harvard University},
  year      = {1998}
}

@InProceedings{Chen2014,
  title     = {{A} {S}ystematic {C}omparison of {S}moothing {T}echniques for {S}entence-{L}evel {BLEU}},
  author    = {Boxing Chen and Colin Cherry},
  booktitle = {Proceedings of the Ninth Workshop on Statistical Machine Translation},
  year      = {2014}
}

@InProceedings{Chen2015,
  title     = {{J}oint Learning of {C}haracter and {W}ord {E}mbeddings},
  author    = {Xinxiong Chen and Lei Xu and Zhiyuan Liu and Maosong Sun and Huanbo Luan},
  booktitle = {Proceedings of IJCAI},
  year      = {2015}
}

@article{Chen2016,
  title     = {{E}nhancing and {C}ombining {S}equential and {T}ree {LSTM} for {N}atural {L}anguage {I}nference},
  author    = {Qian Chen and Xiaodan Zhu and Zhenhua Ling and Si Wei and Hui Jiang},
  journal = {arxiv:1609.06038},
  year      = {2016}
}

@InProceedings{Chen2015b,
  title     = {{C}ompressing {N}eural {N}etworks with the {H}ashing {T}rick},
  author    = {Wenlin Chen and James T. Wilson and Stephen Tyree and Kilian Q. Weinberger and Yixin Chen},
  booktitle = {Proceedings of ICML},
  year      = {2015}
}

@InProceedings{Cheng2014,
  title     = {{L}anguage {M}odeling with {S}um-{P}roduct {N}etworks},
  author    = {Wei Chen Cheng and Stanley Kok and Hoai Vu Pham and Hai Leong Chieu and Kian Ming Chai},
  booktitle = {Proceedings of INTERSPEECH},
  year      = {2014}
}

@article{Chiang2007,
  title     = {{H}ierarchical {P}hrase-{B}ased {T}ranslation},
  author    = {David Chiang},
  booktitle = {Computational Linguistics},
  year      = {2007}
}

@InProceedings{Chiang2012,
  title     = {{H}ope and {F}ear for {D}iscriminative {T}raining of {S}tatistical {T}ranslation {M}odels},
  author    = {David Chiang},
  booktitle = {JMLR},
  year      = {2012}
}

@InProceedings{Chitnis2015,
  title     = {{V}ariable-{L}ength {W}ord {E}ncodings for {N}eural {T}ranslation {M}odels},
  author    = {Rohan Chitnis and John DeNero},
  booktitle = {Proceedings of EMNLP},
  year      = {2015}
}

@InProceedings{Cho2014,
  title     = {{L}earning {P}hrase {R}epresentations using {RNN} {E}ncoder-{D}ecoder for {S}tatistical {M}achine {T}ranslation},
  author    = {Kyunghyun Cho and Bart van Merrienboer and Caglar Gulcehre and Dzmitry Bahdanau and Fethi Bougares and Holger Schwenk and Yoshua Bengio},
  booktitle = {Proceedings of EMNLP},
  year      = {2014}
}

@InProceedings{Cho2014b,
  title     = {{O}n the {P}roperties of {N}eural {M}achine {T}ranslation: {E}ncoder-{D}ecoder {A}pproaches},
  author    = {Kyunghyun Cho and Bart van Merrienboer and Dzmitry Bahdanau and Yoshua Bengio},
  booktitle = {Proceedings of the Eighth Workshop on Syntax, Semantics and Structure in Statistical Translation},
  year      = {2014}
}

@article{Chorowski2015,
  title     = {{A}ttention-{B}ased {M}odels for {S}peech {R}ecognition},
  author    = {Jan Chorowski and Dzmitry Bahdanau and Dmitriy Serdyuk and Kyunghyun Cho and Yoshua Bengio},
  journal = {arXiv:1506.07503},
  year      = {2015}
}

@InProceedings{Chung2016,
  title     = {{A} {C}haracter-level {D}ecoder without {E}xplicit {S}egmentation for {N}eural {M}achine {T}ranslation},
  author    = {Junyoung Chung and Kyunghyun Cho and Yoshua Bengio},
  booktitle = {Proceedings of ACL},
  year      = {2016}
}

@article{Cohn2016,
  title     = {Incorporating Structural Alignment Biases into an Attentional Neural Translation},
  author    = {Trevor Cohn and Cong Duy Vu Hoang and Ekaterina Vymolova and Kaisheng Yao and Chris Dyer and Gholamreza Haffari},
  journal = {arXiv:1601.01085},
  year      = {2016}
}


@article{Collobert2011,
  title     = {{N}atural {L}anguage {P}rocessing (almost) from {S}cratch},
  author    = {Ronan Collobert and Jason Weston and Leon Bottou and Michael Karlen and Koray Kavukcuoglu and Pavel Kuksa},
  journal = {Journal of Machine Learning Research},
  year      = {2011},
  volume = {12},
  pages = {2493-2537}
}

@article{Courbariaux2016,
  title     = {{B}inarized {N}eural {N}etworks: {T}raining {N}eural {N}etworks with {W}eights and {A}ctivations {C}onstrained to $+1$ or $-1$},
  author    = {Matthieu Courbariaux and Itay Hubara and Daniel Soudry and Ran El-Yaniv and Yoshua Bengio},
  journal = {arXiv:1602.02830},
  year      = {2016}
}

@InProceedings{Creutz2007,
  title     = {{U}nsupervised {M}odels for {M}orpheme {S}egmentation and {M}orphology {L}earning},
  author    = {Mathias Creutz and Krista Lagus},
  booktitle = {Proceedings of the ACM Transations on Speech and Language Processing},
  year      = {2007}
}

@InProceedings{Dahl2012,
  title    = {{C}ontext-dependent {P}re-trained {D}eep {N}eural {N}etworks for {L}arge-{V}ocabulary {S}peech {R}ecognition},
  author     = {George Dahl and Dong Yu and Li Deng and Alex Acero},  
  booktitle = {Proceedings of IEEE Transactions on Audio, Speech, and Language Processing},
  year      = {2012}
}

@InProceedings{kirk2010,
  title    = {Painless {U}nsupervised {L}earning with {F}eatures},
  author     = {Taylor Berg-Kirkpatrick and Alexandre Bouchard-Cote and John DeNero and Dan Klein},  
  booktitle = {Proceedings of NAACL},
  year      = {2010}
}


@InProceedings{eisner2016,
  author = 	{Jason Eisner},
  title = 	{{I}nside-{O}utside and {F}orward-{B}ackward {A}lgorithms {A}re {J}ust {B}ackprop (tutorial    paper)},
  booktitle = 	{Proceedings of the Workshop on Structured Prediction for NLP},
  year = 	{2016}
}


@InProceedings{salak2003,
  title    = {{O}ptimization with {EM} and {E}xpectation-{C}onjugate-{G}radient},
  author     = {Ruslan Salakhutdinov and Sam Roweis and Zoubin Ghahramani},  
  booktitle = {Proceedings of ICML},
  year      = {2003}
}


@ARTICLE{dempster77em,
    author = {Arthur P. Dempster and Nan M. Laird and Donald B. Rubin},
    title = {{M}aximum {L}ikelihood from {I}ncomplete {D}ata via the {EM} {A}lgorithm},
    journal = {Journal of the Royal Statistical Society, Series B},
    year = {1977},
    volume = {39},
    number = {1},
    pages = {1--38}
}


@InProceedings{Dai2015,
  title     = {{S}emi-{S}upervised {S}equence {L}earning},
  author    = {Andrew Dai and Quoc V. Le},
  booktitle = {Proceedings of NIPS},
  year      = {2015}
}

@InProceedings{Daume2005,
  title    = {{L}earning as {S}earch {O}ptimization: {A}pproximate {L}arge {M}argin {M}ethods},
  author     = {Hal {Daum{\'{e}} III} and Daniel Marcu},  
  booktitle = {Proceedings of ICML},
  year      = {2005}
}

@article{Daume2009,
  title    = {{S}earch-based {S}tructured {P}rediction},
  author     = {Hal {Daum{\'{e}} III} and John Langford and Daniel Marcu},  
  journal = {Machine Learning},
  year      = {2009}
}

@article{Deerwester1990,
  title     = {{I}ndexing by {L}atent {S}emantic {A}nalysis},
  author    = {Scott Deerwester and Susan Dumais and Richard Harshman},
  journal = {Journal of American Society of Information Science},
  volume = {41},
  pages = {391-407},
  year      = {1990}
}

@InProceedings{Denil2013,
  title     = {{P}redicting {P}arameters in {D}eep {L}earning},
  author    = {Misha Denil and Babak Shakibi and Laurent Dinh and Marc'Aurelio Ranzato and Nando de Freitas},
  booktitle = {Proceedings of NIPS},
  year      = {2013}
}

@InProceedings{Denton2014,
  title     = {{E}xploiting {L}inear {S}tructure within {C}onvolutional {N}eural {N}etworks for {E}fficient {E}valuation},
  author    = {Emily L. Denton and Wojciech Zaremba and Joan Bruna and Yann LeCun and Rob Fergus},
  booktitle = {Proceedings of NIPS},
  year      = {2014}
}

@InProceedings{Do2010,
  title     = {{N}eural {C}onditional {R}andom {F}ields},
  author    = {Trinh-Minh-Tri Do and Thierry Arti{\'{e}}res},
  booktitle = {Proceedings of AISTATS},
  year      = {2010}
}

@InProceedings{Durrett2015,
  title     = {{N}eural {CRF} {P}arsing},
  author    = {Greg Durrett and Dan Klein},
  booktitle = {Proceedings of ACL},
  year      = {2015}
}

@InProceedings{Dyer2013,
  title     = {{A} {S}imple, {F}ast, and {E}ffective {R}eparameterization of {IBM} {M}odel 2},
  author    = {Chris Dyer and Victor Chahuneau and Noah A. Smith},
  booktitle = {Proceedings of NAACL},
  year      = {2013}
}

@InProceedings{Eisner1996,
  title     = {{T}hree {N}ew {P}robabilistic {M}odels for {D}ependency {P}arsing: An {E}xploration},
  author    = {Jason M. Eisner},
  booktitle = {Proceedings of ACL},
  year      = {1996}
}

@article{Firat2016,
  title     = {{M}ulti-Way, {M}ultilingual {N}eural {M}achine {T}ranslation with a {S}hared {A}ttention {M}echanism},
  author    = {Orhan Firat and Kyunghyun Cho and Yoshua Bengio},
  journal = {arXiv:1601.01073},
  year      = {2016}
}

@article{Gage1994,
  title     = {{A} {N}ew {A}lgorithm for {D}ata {C}ompression},
  author    = {Philip Gage},
  journal = {The C Users Journal},
  year      = {1994}
}

@InProceedings{Geras2016,
  title     = {{B}lending {LSTM}s into {CNN}s},
  author    = {Krzysztof J. Geras and Abdel-rahman Mohamed and Rich Caruana and Gregor Urban and Shengjie Wang and Ozlem Aslan
  and Matthai Philipose and Matthew Richardson and Charles Sutton},
  booktitle = {Proceedings of ICLR Workshop},
  year      = {2016}
}


@article{Graves2013,
  title     = {{G}enerating {S}equences with {R}ecurrent {N}eural {N}etworks},
  author    = {Alex Graves},
  journal = {arXiv:1308.0850},
  year      = {2013}
}

@InProceedings{Gillick2016,
  title     = {{M}ultilingual {L}anguage {P}rocessing from {B}ytes},
  author    = {Dan Gillick and Cliff Brunk and Oriol Vinyals and Amarnag Subramanya},
  booktitle = {Proceedings of NAACL},
  year      = {2016}
}

@article{Gulcehre2015,
  title     = {{O}n {U}sing {M}onolingual {C}orpora in {N}eural {M}achine {T}ranslation},
  author    = {Caglar Gulcehre and Orhan Firat and Kelvin Xu and Kyunghyun Cho and Loic Barrault and Heui-Chi Lin
  and Fethi Bougares and Holger Schwenk and Yoshua Bengio},
  journal = {arXiv:1503.03535},
  year      = {2015}
}

@article{Graves2014,
  title     = {{N}eural {T}uring {M}achines},
  author    = {Alex Graves and Greg Wayne and Ivo Danihelka},
  journal = {arXiv:1410.5401},
  year      = {2014}
}

@InProceedings{Han2016,
  title     = {{D}eep {C}ompression: {C}ompressing {D}eep {N}eural {N}etworks with {P}runing, {T}rained {Q}uantization and {H}uffman {C}oding},
  author    = {Song Han and Huizi Mao and William J. Dally},
  booktitle = {Proceedings of ICLR},
  year      = {2016}
}

@InProceedings{Hassibi1993,
  title     = {Second order derivatives for network pruning: Optimal Brain Surgeon},
  author    = {Babak Hassibi and David G. Stork},
  booktitle = {Proceedings of NIPS},
  year      = {1993}
}


@InProceedings{He2014,
  title     = {{R}eshaping {D}eep {N}eural {N}etwork for {F}ast {D}ecoding by {N}ode-{P}runing},
  author    = {Tianxing He and Yuchen Fan and Yanmin Qian and Tian Tan and Kai Yu},
  booktitle = {Proceedings of ICASSP},
  year      = {2014}
}

@InProceedings{Hermann2015,
  title     = {{T}eaching {M}achines to {R}ead and {C}omprehend},
  author    = {Karl Moritz Hermann and Tomas Kcisky and Edward Grefenstette and Lasse Espeholt and Will Kay
  and Mustafa Suleyman and Phil Blunsom},
  booktitle = {Proceedings of NIPS},
  year      = {2015}
}

@InProceedings{Burda2015,
  title     = {{I}mportance {W}eighted {A}utoencoders},
  author    = {Yuri Burda and Roger Grosse and Ruslan Salakhutdinov},
  booktitle = {Proceedings of ICLR},
  year      = {2015}
} 

@InProceedings{Maddison2017,
  title     = {{T}he {C}oncrete {D}istribution: {A} {C}ontinuous {R}elaxation of {D}iscrete {R}andom {V}ariables},
  author    = {Chris J. Maddison and Andriy Mnih and Yee Whye Teh},
  booktitle = {Proceedings of ICLR},
  year      = {2017}
}

@InProceedings{maddison2017fivo,
  title     = {{F}iltering {V}ariational {O}bjectives},
  author    = {Chris J. Maddison and Dieterich Lawson and George Tucker and 
  Nicolas Heess and Mohammad Norouzi and Andriy Mnih and Arnaud Doucet and Yee Whye Teh},
  booktitle = {Proceedings of NIPS},
  year      = {2017}
}

@InProceedings{naesseth2018seqmc,
  title     = {{V}ariational {S}equential {M}onte {C}arlo},
  author    = {Christian A. Nasseth and Scott W. Linderman and Rajesh Ranganath and David M. Blei},
  booktitle = {Proceedings of AISTATS},
  year      = {2018}
}


@InProceedings{Tomczak2017,
  title     = {{VAE} with a {V}amp{P}rior},
  author    = {Jakub M. Tomczak and Max Welling},
  booktitle = {Proceedings of AISTATS},
  year      = {2018}
}

@article{Guu2017,
  title     = {{G}enerating {S}entences by {E}diting {P}rototypes},
  author    = {Kelvin Guu and Tatsunori B. Hashimoto and Yonatan Oren and Percy Liang},
   journal = {arXiv:1709.08878},
  year      = {2017}
}

@InProceedings{Krishnan2017b,
  title     = {{S}tructured {I}nference {N}etworks for {N}onlinear {S}tate {S}pace {M}odels},
  author    = {Rahul G. Krishnan and Uri Shalit and David Sontag},
  booktitle = {Proceedings of AAAI},
  year      = {2017}
}

@InProceedings{Rolfe2017,
  title     = {{D}iscrete {V}ariational {A}utoencoders},
  author    = {Jason Tyler Rolfe},
  booktitle = {Proceedings of ICLR},
  year      = {2017}
} 


@InProceedings{Tran2016GP,
  title     = {{T}he {V}ariational {G}aussian {P}rocess},
  author    = {Dustin Tran and Rajesh Ranganath and David M. Blei},
  booktitle = {Proceedings of ICLR},
  year      = {2016}
}

@InProceedings{liu2018hsmm,
  title     = {{S}tructured {I}nference for {R}ecurrent {H}idden {S}emi-{M}arkov {M}odel},
  author    = {Hao Liu and Lirong He and HAoli Ba and Bo Dai and Kun Bai and Zenglin Xu},
  booktitle = {Proceedings of IJCAI},
  year      = {2018}
}

@InProceedings{naslinick2017,
  title     = {{S}tick-{B}reaking {V}ariational {A}utoencoders},
  author    = {Eric Naslinick and Padhraic Smyth},
  booktitle = {Proceedings of ICLR},
  year      = {2017}
}

@InProceedings{miao2017nvi,
  title     = {{D}iscovering {D}iscrete {L}atent {T}opics with {N}eural {V}ariational {I}nference},
  author    = {Yishu Miao and Edward Grefenstette and Phil Blunsom},
  booktitle = {Proceedings of ICML},
  year      = {2017}
}


@InProceedings{singh2017,
  title     = {{S}tructured {V}ariational {A}utoencoders for the {B}eta-{B}ernoulli {P}rocess},
  author    = {Rachit Singh and Jeffrey Ling and Finale Doshi-Velez},
  booktitle = {Proceedings of NIPS Workshop on Advances in Approximate Bayesian Inference},
  year      = {2017}
}


@InProceedings{larochelle2011,
  title     = {The {N}eural {A}utoregressive {D}istribution {E}stimator},
  author    = {Hugo Larochelle and Iain Murray},
  booktitle = {Proceedings of AISTATS},
  year      = {2011}
}

@InProceedings{uria2013,
  title     = {{RNADE}: {T}he {R}eal-{V}alued {N}eural {A}utoregressive {D}ensity-{E}stimator},
  author    = {Benigno Uria and Iain Murray and Hugo Larochelle},
  booktitle = {Proceedings of NIPS},
  year      = {2013}
}




@InProceedings{germain2015,
  title     = {{MADE}: Masked Autoencoder for Distribution Estimation},
  author    = {Mathieu Germain and Karol Gregor and Iain Murray and Hugo Larochelle},
  booktitle = {Proceedings of ICML},
  year      = {2015}
}

@InProceedings{le2018,
  title     = {{A}uto-{E}ncoding {S}equential {M}onte {C}arlo},
  author    = {Tuan Anh Le and Maximilian Igl and Tom Rainforth and Tom Jin and Frank Wood},
  booktitle = {Proceedings of ICLR},
  year      = {2018}
}

@InProceedings{cremer2017iwae,
  title     = {{R}einterpreting {I}mportance-{W}eighted {A}utoencoders},
  author    = {Chris Cremer and Quaid Morris and David Duvenaud},
  booktitle = {Proceedings of ICLR Workshop},
  year      = {2017}
}

@InProceedings{xu2018,
  title     = {{S}pherical {L}atent {S}paces for {S}table {V}ariational {A}utoencoders},
  author    = {Jiacheng Xu and Greg Durrett},
  booktitle = {Proceedings of EMNLP},
  year      = {2018}
} 

@InProceedings{Mnih2016,
  title     = {{V}ariational {I}nference for {M}onte {C}arlo {O}bjectives},
  author    = {Andriy Mnih and Danilo J. Rezende},
  booktitle = {Proceedings of ICML},
  year      = {2016}
} 

@InProceedings{Domke2018,
  title     = {{I}mportance {W}eighting and {V}ariational {I}nference},
  author    = {Justin Domke and Daniel Sheldon},
  booktitle = {Proceedings of NIPS},
  year      = {2018}
} 

@InProceedings{Son2016,
  title     = {{L}adder {V}ariational {A}utoencoders},
  author    = {Casper Kaae S{\o}nderby and  Tapani Raiko and Lars Maal{\o}e and S{\o}ren Kaae S{\o}nderby and  Ole Winther},
  booktitle = {Proceedings of NIPS},
  year      = {2016}
} 


@InProceedings{Rainforth2018,
  title     = {{T}ighter {V}ariational {B}ounds are {N}ot {N}ecessarily {B}etter},
  author    = {Tom Rainforth and Adam R. Kosiorek and Tuan Anh Le and Chris J. Maddison and Maximilian Igl and Frank Wood and Yee Whye Teh},
  booktitle = {Proceedings of ICML},
  year      = {2018}
}

@InProceedings{Kingma2015,
  title     = {{A}dam: {A} {M}ethod for {S}tochastic {O}ptimization},
  author    = {Diederik P. Kingma and Jimmy Ba},
  booktitle = {Proceedings of ICLR},
  year      = {2015}
}

@InProceedings{dai2018syntax,
  title     = {{S}yntax-{D}irected {V}ariational {A}utoencoder for {S}tructured {D}ata},
  author    = {Hanjun Dai and Yingtao Tian and Bo Dai and Steven Skiena and Le Song},
  booktitle = {Proceedings of ICLR},
  year      = {2018}
}

@InProceedings{kusner2017grammar,
  title     = {{G}rammar {V}ariational {A}utoencoder},
  author    = {Matt J. Kusner and Brooks Paige and Jose Miguel Hernandez-Lobato},
  booktitle = {Proceedings of ICML},
  year      = {2017}
}

@InProceedings{zhao2017hier,
  title     = {{L}earning {H}ierarchical {F}eatures from {G}enerative {M}odels},
  author    = {Shengjia Zhao and Jiaming Song and Stefano Ermon},
  booktitle = {Proceedings of ICML},
  year      = {2017}
}


@InProceedings{huang2017learn,
  title     = {{L}earnable {E}xplicit {D}ensity for {C}ontinuous {L}atent {S}pace and {V}ariational {I}nference},
  author    = {Chin-Wei Huang and Ahmed Touati and Laurent Dinh and Michal Drozdzal and Mohammad Havaei and Laurent Charlin and Aaron Courville},
  booktitle = {Proceedings of ICML Workshop on Principled Approaches to Deep Learning},
  year      = {2017}
}

@InProceedings{bodin2017,
  title     = {{N}onparametric {I}nference for {A}uto-{E}ncoding {V}ariational {B}ayes},
  author    = {Erik Bodin and Iman Malik and Carl Henrik Ek and Neill D. F. Campbell},
  booktitle = {Proceedings of NIPS Workshop on Advances in Approximate Bayesian Inference},
  year      = {2017}
}



@InProceedings{kipf2016vae,
  title     = {{V}ariational {G}raph {A}uto-{E}ncoders},
  author    = {Thomas N. Kipf and Max Welling},
  booktitle = {Proceedings of NIPS Bayesian Deep Learning Workshop},
  year      = {2016}
}

@InProceedings{Davidson2018,
  title     = {{H}yperspherical {V}ariational {A}uto-{E}ncoders},
  author    = {Tim R. Davidson and Luca Falorsi and Nicola De Cao and Thomas Kipf and Jakub M. Tomczak},
  booktitle = {Proceedings of UAI},
  year      = {2018}
}

@InProceedings{jin2018junction,
  title     = {{J}unction {T}ree {V}ariational {A}utoencoder for {M}olecular {G}raph {G}eneration},
  author    = {Wengong Jin and Regina Barzilay and Tommi Jaakkola},
  booktitle = {Proceedings of ICML},
  year      = {2018}
}

@InProceedings{yin2018structvae,
  title     = {{S}TRUCT{V}AE: {T}ree-structured {L}atent {V}ariable {M}odels for {S}emi-supervised {S}emantic {P}arsing},
  author    = {Pengcheng Yin and Chunting Zhou and Junxian He and Graham Neubig},
  booktitle = {Proceedings of ACL},
  year      = {2018}
}

@article{corro2018semi,
  title     = {{D}ifferentiable {P}erturb-and-{P}arse: {S}emi-{S}upervised {P}arsing with
  a {S}tructured {V}ariational {A}utoencoder},
  author    = {Caio Corro and Ivan Titov},
  journal = {arXiv:1807.09875},
  year      = {2018}
}

@article{zeiler2012,
  title     = {{A}dadelta: {A}n {A}daptive {L}earning {R}ate {M}ethod},
  author    = {Matthew D. Zeiler},
  journal = {arXiv:1212.5701},
  year      = {2012}
}


@article{duchi2011,
  title     = {{A}daptive {S}ubgradient {M}ethods for {O}nline {L}earning and {S}tochastic {O}ptimization},
  author    = {John Duchi and Elad Hazan and Yoram Singer},
  journal = {Journal of Machine Learning Research},
  volume = {12},
  year      = {2011}
}


@article{Hinton2012,
  title     = {{I}mproving {N}eural {N}etworks by {P}reventing {C}o-{A}daptation of {F}eature {D}etectors},
  author    = {Geoffrey Hinton and Nitish Srivastava and Alex Krizhevsky and Ilya Sutskever and Ruslan Salakhutdinov},
  journal = {arXiv:1207.0580},
  year      = {2012},
}

@article{Hinton2015,
  title     = {{D}istilling the {K}nowledge in a {N}eural {N}etwork},
  author    = {Geoffrey Hinton and Oriol Vinyals and Jeff Dean},
  journal = {arXiv:1503.0253},
  year      = {2015},
}

@article{Hochreiter1997,
  title     = {{L}ong {S}hort-{T}erm {M}emory},
  author    = {Sepp Hochreiter and J{\''}urgen Schmidhuber},
  journal = {Neural Computation},
  year      = {1997},
  volume = {9},
  pages = {1735-1780}
}

@InProceedings{Jaderberg2014,
  title     = {{S}peeding Up {C}onvolutional {N}eural {N}etworks with {L}ow {R}ank {E}xpansions},
  author    = {Max Jaderberg and Andrea Vedaldi and Andrew Zisserman},
  booktitle = {BMCV},
  year      = {2014}
}

@InProceedings{Jean2015,
  title     = {{O}n {U}sing {V}ery {L}arge {T}arget {V}ocabulary for {N}eural {M}achine {T}ranslation},
  author    = {Sebastien Jean and Kyunghyun Cho and Roland Memisevic and Yoshua Bengio},
  booktitle = {Proceedings of ACL},
  year      = {2015}
}

@article{Jozefowicz2016,
  title     = {{E}xploring the {L}imits of {L}anguage {M}odeling},
  author    = {Rafal Jozefowicz and Oriol Vinyals and Mike Schuster and Noam Shazeer and Yonghui Wu},
  journal = {arXiv:1602.02410},
  year      = {2016},
}

@article{Jussa2016,
  title     = {{C}haracter-based {N}eural {M}achine {T}ranslation},
  author    = {Marta R. Costa-Jussa and Jose A.R. Fonollosa},
  journal = {arXiv:1603.00810},
  year      = {2016},
}


@InProceedings{Kalchbrenner2013,
  title     = {{R}ecurrent {C}ontinuous {T}ranslation {M}odels},
  author    = {Nal Kalchbrenner and Phil Blunsom},
  booktitle = {Proceedings of EMNLP},
  year      = {2013}
}


@InProceedings{Kalchbrenner2014,
  title     = {{A} {C}onvolutional {N}eural {N}etwork for {M}odelling {S}entences},
  author    = {Nal Kalchbrenner and Edward Grefenstette and Phil Blunsom},
  booktitle = {Proceedings of ACL},
  year      = {2014}
}

@InProceedings{Kim2014,
  title     = {{C}onvolutional {N}eural {N}etworks for {S}entence {C}lassification},
  author    = {Yoon Kim},
  booktitle = {Proceedings of EMNLP},
  year      = {2014}
}

@InProceedings{Le2015,
  title     = {{C}ompositional {D}istributional {S}emantics with {L}ong {S}hort {T}erm {M}emory},
  author    = {Phong Le and Willem Zuidema},
  booktitle = {Proceedings of Joing Conference on Lexical and Computational Semantics},
  year      = {2015}
}

@InProceedings{Kipperwasser2016,
  title     = {{S}imple and {A}ccurate {D}ependency {P}arsing using {B}idirectional {LSTM} {F}eature {R}epresentations},
  author    = {Eliyahu Kipperwasser and Yoav Goldberg},
  booktitle = {TACL},
  year      = {2016}
}

@InProceedings{Kim2016,
  title     = {{C}haracter-{A}ware {N}eural {L}anguage {M}odels},
  author    = {Yoon Kim and Yacine Jernite and David Sontag and Alexander M. Rush},
  booktitle   = {Proceedings of AAAI},
  year      = {2016}
}

@InProceedings{Lafferty2001,
  title     = {{C}onditional {R}andom {F}ields: {P}robabilistic {M}odels for {S}egmenting and {L}abeling {S}equence {D}ata},
  author    = {John Lafferty and Andrew McCallum and Fernando Pereira},
  booktitle = {Proceedings of ICML},
  year      = {2001}
}

@InProceedings{Liang2006,
  title     = {{A}n {E}nd-to-{E}nd {D}iscriminative {A}pproach to {M}achine {T}ranslation},
  author    = {Percy Liang and Alexandre Bouchard-Cote and Dan Klein and Ben Taskar},
  booktitle = {Proceedings of COLING-ACL},
  year      = {2006}
}

@InProceedings{Li2016,
  title     = {{A} {D}iversity-{P}romoting {O}bjective {F}unction for {N}eural {C}onversational {M}odels},
  author    = {Jiwei Li and Michael Galley and Chris Brockett and Jianfeg Gao and Bill Dolan},
  booktitle = {Proceedings of NAACL 2016},
  year      = {2016}
}

@InProceedings{Li2009,
  title     = {{F}irst- and {S}econd-{O}rder {E}xpectation {S}emirings with {A}pplications to {M}inimum-{R}isk {T}raining on {T}ranslation {F}orests},
  author    = {Zhifei Li and Jason Eisner},
  booktitle = {Proceedings of EMNLP 2009},
  year      = {2009}
}

@InProceedings{Luong2015,
  title     = {{E}ffective {A}pproaches to {A}ttention-based {N}eural {M}achine {T}ranslation},
  author    = {Minh-Thang Luong and Hieu Pham and Christopher D. Manning},
  booktitle = {Proceedings of EMNLP},
  year      = {2015}
}

@InProceedings{Lu2016,
  title     = {{L}earning {C}ompact {R}ecurrent {N}eural {N}etworks},
  author    = {Zhiyun Lu and Vikas Sindhwani and Tara N. Sainath},
  booktitle = {Proceedings of ICASSP},
  year      = {2016}
}

@InProceedings{Luong2015b,
  title     = {{A}ddressing the {R}are {W}ord {P}roblem in {N}eural {M}achine {T}ranslation},
  author    = {Minh-Thang Luong and Ilya Sutskever and Quoc Le and Oriol Vinyals and Wojciech Zaremba},
  booktitle = {Proceedings of ACL},
  year      = {2015}
}

@InProceedings{Krizhevsky2012,
  title     = {{I}mage{N}et {C}lassification with {D}eep {C}onvolutional {N}eural {N}etworks},
  author    = {Alex Krizhevsky and Ilya Sutskever and Geoffrey Hinton},
  booktitle = {Proceedings of NIPS},
  year      = {2012}
}


@InProceedings{LeCun1990,
  title     = {{O}ptimal {B}rain {D}amage},
  author    = {Yann LeCun and John S. Denker and Sara A. Solla},
  booktitle = {Proceedings of NIPS},
  year      = {1990}
}
@InProceedings{LeCun1989,
  title     = {{H}andwritten {D}igit {R}ecognition with a {B}ackpropagation {N}etwork},
  author    = {Yann LeCun and B Boser and J S. Denker and D Henderson and R E. Howard and W Hubbard and L D. Jackel},
  booktitle = {Proceedings of NIPS},
  year      = {1989}
}

@InProceedings{LeCun1998,
  title     = {{G}radient-based {L}earning {A}pplied to {D}ocument {R}ecognition},
  author    = {Yann LeCun and Leon Bottou and Yoshua Bengio and Patrick Haffner},
  booktitle = {Proceedings of IEEE},
  year      = {1998}
}

@InProceedings{Lei2015,
  title     = {{M}olding {CNN}s for {T}ext: {N}on-linear, {N}on-consecutive {C}onvolutions},
  author    = {Tao Lei and Regina Barzilay and Tommi Jaakola},
  booktitle = {Proceedings of EMNLP},
  year      = {2015}
}

@InProceedings{Li2014,
  title     = {{L}earning {S}mall-{S}ize {DNN} with {O}utput-{D}istribution-{B}ased {C}riteria},
  author    = {Jinyu Li and Rui Zhao and Jui-Ting Huang and Yifan Gong},
  booktitle = {Proceedings of INTERSPEECH},
  year      = {2014}
}

@InProceedings{ruiz2016,
  title     = {{T}he {G}eneralized {R}eparameterization {G}radient},
  author    = {Francisco J. R. Ruiz and Michalis K. Titsias and David M. Blei},
  booktitle = {Proceedings of NIPS},
  year      = {2016}
}

@InProceedings{naesseth2017,
  title     = {{R}eparameterization {G}radients through {A}cceptance-{R}ejection {S}ampling {A}lgorithms},
  author    = {Christian A. Naesseth and Francisco J. R. Ruiz and Scott W. Linderman and David M. Blei},
  booktitle = {Proceedings of AISTATS},
  year      = {2017}
}



@InProceedings{Lin2016,
  title     = {{N}eural {N}etworks with {F}ew {M}ultiplications},
  author    = {Zhouhan Lin and Matthieu Coubariaux and Roland Memisevic and Yoshua Bengio},
  booktitle = {Proceedings of ICLR},
  year      = {2016}
}

@InProceedings{Ling2015,
  title     = {{F}inding {F}unction in {F}orm: {C}omposition {C}haracter {M}odels for {O}pen {V}ocabulary {W}ord {R}epresentation},
  author    = {Wang Ling and Tiago Lui and Luis Marujo and Ramon Fernandez Astudillo and Silvio Amir and Chris Dyer and Alan W Black and Isabel Trancoso},
  booktitle = {Proceedings of EMNLP},
  year      = {2015}
}

@article{Ling2015b,
  title     = {{C}haracter-based {N}eural {M}achine {T}ranslation},
  author    = {Wang Ling and Isabel Trancoso and Chris Dyer and Alan W Black},
  journal = {arXiv:1511.04586},
  year      = {2015}  
}

@article{Dilokthanakul2016,
  title     = {{D}eep {U}nsupervised {C}lustering with {G}aussian {M}ixture {V}ariational {A}utoencoders},
  author    = {Nat Dilokthanakul and Pedro A.M. Mediano and Marta Garnelo and Matthew C.H. Lee and Hugh Salimbeni and Kai Arulkumaran and Murray Shanahan},
  journal = {arXiv:1611.02648},
  year      = {2016}  
}




@InProceedings{Luong2013,
  title     = {{B}etter {W}ord {R}epresentations with {R}ecursive {N}eural {N}etworks for {M}orphology},
  author    = {Minh-Thang Luong and Richard Socher and Chris Manning},
  booktitle = {Proceedings of CoNLL},
  year      = {2013}
}


@InProceedings{Ma2015,
  title     = {{D}ependency-based {C}onvolutional {N}eural {N}etworks for {S}entence {E}mbedding},
  author    = {Mingbo Ma and Liang Huang and Bing Xiang and Bowen Zhou},
  booktitle = {Proceedings of ACL},
  year      = {2015}
}

@InProceedings{Maas2015,
  title     = {{L}exicon-{F}ree {C}onversational {S}peech {R}ecognition with {N}eural {N}etworks},
  author    = {Andrew Maas and Zhaing Xie and Daniel Jurafsky and Andrew Ng},
  booktitle = {Proceedings of NAACL},
  year      = {2015}
}

@article{Maaten2008,
  title     = {{V}isualizing {D}ata using t-{SNE}},
  author    = {Laurens van der Maaten and Geoffrey Hinton},
  journal = {Journal of Machine Learning Research},
  year      = {2008}
}

@article{Marcus1993,
  title     = {{B}uilding a {L}arge {A}nnotated {C}orpus of {E}nglish: the {P}enn {T}reebank},
  author    = {Mitchell Marcus and Beatrice Santorini and Mary Marcinkiewicz},
  journal = {Computational Linguistics},
  year      = {1993},
  volume = {19},
  pages = {331-330}
}

@InProceedings{Mariet2016,
  title     = {{D}iversity {N}etworks},
  author    = {Zelda Mariet and Suvrit Sra},
  booktitle = {Proceedings of ICLR},
  year      = {2016}
}

@InProceedings{Mikolov2010,
  title     = {{R}ecurrent {N}eural {N}etwork {B}ased {L}anguage {M}odel},
  author    = {Tomas Mikolov and Martin Karafiat and Lukas Burget and Jan Cernocky and Sanjeev Khudanpur},
  booktitle = {Proceedings of INTERSPEECH},
  year      = {2010}
}

@InProceedings{Mikolov2011,
  title     = {{E}mpirical {E}valuation and {C}ombination of {A}dvanced {L}anguage {M}odeling {T}echniques},
  author    = {Tomas Mikolov and Anood Deoras and Stefan Kombrink and Lukas Burget and Jan Cernocky},
  booktitle = {Proceedings of INTERSPEECH},
  year      = {2011}
}


@InProceedings{Mikolov2012a,
  title     = {{C}ontext {D}ependent {R}ecurrent {N}eural {N}etwork {L}anguage {M}odel},
  author    = {Tomas Mikolov and Geoffrey Zweig},
  booktitle = {Proceedings of SLT},
  year      = {2012}
}

@article{Mikolov2012b,
  title     = {{S}ubword {L}anguage {M}odeling with {N}eural {N}etworks},
  author    = {Tomas Mikolov and Ilya Sutskever and Anoop Deoras and Hai-Son Le and Stefan Kombrink and Jan Cernocky},
  journal = {},
  year      = {2012}
}

@article{Mikolov2013a,
  title     = {{E}fficient {E}stimation of {W}ord {R}epresentations in {V}ector {S}pace},
  author    = {Tomas Mikolov and Kai Chen and Greg Corrado and Jeffrey Dean},
  journal = {arXiv:1301.3781},
  year      = {2013}
}

@article{Mikolov2013b,
  title     = {{L}inguistic {R}egularities in {C}ontinuous {S}pace {W}ord {R}epresentations},
  author    = {Tomas Mikolov and Wen-Tau Yih and Geoffrey Zweig},
  journal = {Proceedings of NAACL},
  year      = {2013}
}


@InProceedings{Mnih2007,
  title     = {{T}hree {N}ew {G}raphical {M}odels for {S}tatistical {L}anguage {M}odelling},
  author    = {Andriy Mnih and Geoffrey Hinton},
  booktitle = {Proceedings of ICML},
  year      = {2007}
}

@InProceedings{Papineni2002,
  title     = {{BLEU}: {A} {M}ethod for {A}utomatic {E}valuation of {M}achine {T}ranslation},
  author    = {Kishore Papineni and Slim Roukos and Todd Ward and Wei-Jing Zhu},
  booktitle = {Proceedings of ICML},
  year      = {2002}
}

@InProceedings{Morin2005,
  title     = {{H}ierarchical {P}robabilistic {N}eural {N}etwork {L}anguage {M}odel},
  author    = {Frederic Morin and Yoshua Bengio},
  booktitle = {Proceedings of AISTATS},
  year      = {2005}
}

@InProceedings{Murray2015,
  title     = {{A}uto-sizing {N}eural {N}etworks: {W}ith {A}pplications to {N}-{G}ram {L}anguage {M}odels},
  author    = {Kenton Murray and David Chiang},
  booktitle = {Proceedings of EMNLP},
  year      = {2015}
}



@article{Munkhdalai2016,
  title     = {{N}eural {T}ree {I}ndexers for {T}ext {U}nderstanding},
  author    = {Tsendsuren Munkhdalai and Hong Yu},
  journal = {arXiv:1607.04492},
  year      = {2016}
}

@article{Mou2015,
  title     = {{D}istilling {W}ord {E}mbeddings: {A}n {E}ncoding {A}pproach},
  author    = {Lili Mou and Ge Li and Yan Xu and Lu Zhang and Zhi Jin},
  journal = {arXiv:1506.04488},
  year      = {2015}
}

@InProceedings{Mou2015b,
  title     = {{D}iscriminative {N}eural {S}entence {M}odeling by {T}ree-based {C}onvolution},
  author    = {Lili Mou and Hao Peng and Ge Li and Yan Xu and Lu Zhang and Zhi Jin},
  booktitle = {Proceedings of EMNLP},
  year      = {2015}
}

@InProceedings{Nakov2012,
  title     = {{C}ombining {W}ord-level and {C}haracter-level {M}odels for {M}achine {T}ranslations between {C}losely-{R}elated {L}anguages},
  author    = {Preslav Nakov and Jorg Tiedemann},
  booktitle = {Proceedings of ACL},
  year      = {2012}
}

@InProceedings{Neubig2013,
  title     = {{S}ubstring-based {M}achine {T}ranslation},
  author    = {Graham Neubig and Taro Watanabe and Shinsuke Mori and Tatsuya Kawahara},
  booktitle = {Machine Translation},
  year      = {2013}
}

@InProceedings{Och2003,
  title     = {{M}inimum {E}rror {R}ate {T}raining in {S}tatistical {M}achine {T}ranslation},
  author    = {Franz J. Och},
  booktitle = {Proceedings of ACL},
  year      = {2003}
}


@article{Pascanu2013,
  title     = {{H}ow to {C}onstruct {D}eep {N}eural {N}etworks},
  author    = {Razvan Pascanu and Caglar Culcehre and Kyunghyun Cho and Yoshua Bengio},
  journal = {arXiv:1312.6026},
  year      = {2013}
}

@InProceedings{Prabhavalkar2016,
  title     = {{O}n the {C}ompression of {R}ecurrent {N}eural {N}etworks with an {A}pplication to {LVCSR} {A}coustic {M}odeling for {E}mbedded {S}peech {R}ecognition},
  author    = {Rohit Prabhavalkar and Ouais Alsharif and Antoine Bruguier and Ian McGraw},
  booktitle = {Proceedings of ICASSP},
  year      = {2016}
}

@InProceedings{Parikh2016,
  title     = {{A} {D}ecomposable {A}ttention {M}odel for {N}atural {L}anguage {I}nference},
  author    = {Ankur P. Parikh and Oscar Tackstrom and Dipanjan Das and Jakob Uszkoreit},
  booktitle = {Proceedings of EMNLP},
  year      = {2016}
}

@InProceedings{Qui2014,
  title     = {{C}o-learning of {W}ord {R}epresentations and {M}orpheme {R}epresentations},
  author    = {Siu Qui and Qing Cui and Jiang Bian and Bin Gao},
  booktitle = {Proceedings of COLING},
  year      = {2014}
}

@InProceedings{Rockstaschel2016,
  title     = {{R}easoning about {E}ntailment with {N}eural {A}ttention},
  author    = {Tim Rocktaschel and Edward Grefenstette and Karl Moritz Hermann and Tomas Kocisky and Phil Blunsom},
  booktitle = {Proceedings of ICLR},
  year      = {2016}
}

@InProceedings{Ross2011,
  title     = {{A} {R}eduction of {I}mitation {L}earning and {S}tructured {P}rediction to {N}o-{R}egret {O}nline {L}earning},
  author    = {Stephane Ross and Geoffrey J. Gordon and Drew Bagnell},
  booktitle = {Proceedings of AISTATS},
  year      = {2011}
}

@InProceedings{Romero2015,
  title     = {{F}it{N}ets: {H}ints for {T}hin {D}eep {N}ets},
  author    = {Adriana Romero and Nicolas Ballas and Samira Ebrahimi Kahou and Antoine Chassang and
  Carlo Gatta and Yoshua Bengio},
  booktitle = {Proceedings of ICLR},
  year      = {2015}
}

@InProceedings{Rush2015,
  title     = {{A} {N}eural {A}ttention {M}odel for {A}bstractive {S}entence {S}ummarization},
  author    = {Alexander M. Rush and Sumit Chopra and Jason Weston},
  booktitle = {Proceedings of EMNLP},
  year      = {2015}
}


@InProceedings{Santos2014a,
  title     = {{L}earning {C}haracter-level {R}epresentations for {P}art-of-{S}peech {T}agging},
  author    = {Cicero Nogueira dos Santos and Bianca Zadrozny},
  booktitle = {Proceedings of ICML},
  year      = {2014}
}

@InProceedings{Santos2014b,
  title     = {{D}eep {C}onvolutional {N}eural {N}etworks for {S}entiment {A}nalysis of {S}hort {T}exts},
  author    = {Cicero Nogueira dos Santos and Maira Gatti},
  booktitle = {Proceedings of COLING},
  year      = {2014}
}

@InProceedings{Serban2016,
  title     = {{B}uilding {E}nd-to-{E}nd {D}ialogue {S}ystems {U}sing {G}enerative {H}ierarchical {N}eural {N}etwork {M}odels},
  author    = {Iulian V. Serban and Allesandro Sordoni and Yoshua Bengio and Aaron Courville and Joelle Pineau},
  booktitle = {Proceedings of AAAI},
  year      = {2016}
}

@InProceedings{See2016,
  title     = {{C}ompression of {N}eural {M}achine {T}ranslation via {P}runing},
  author    = {Abigail See and Minh-Thang Luong and Christopher D. Manning},
  booktitle = {Proceedings of CoNLL},
  year      = 2016
}


@InProceedings{Santos2015,
  title     = {{B}oosting {N}amed {E}ntity {R}ecognition with {N}eural {C}haracter {E}mbeddings},
  author    = {Cicero Nogueira dos Santos and Victor Guimaraes},
  booktitle = {Proceedings of ACL Named Entities Workshop},
  year      = {2015}
}

@InProceedings{Schwenk2005,
  title     = {{T}raining {N}eural {N}etwork {L}anguage {M}odels on {V}ery {L}arge {C}orpora},
  author    = {Holger Schwenk and Jean-Luc Gauvain},
  booktitle = {Proceedings of EMNLP},
  year      = {2005}
}

@InProceedings{Shang2015,
  title     = {{T}he {F}ixed-{S}ize {O}rdinally-{F}orgetting {E}ncoding {M}ethod for {N}eural {N}etwork {L}anguage {M}odels},
  author    = {Shiliang Zhang and Hui Jiang and Mingbin Xu and Junfeng Hou and Lirong Dai},
  booktitle = {Proceedings of ACL},
  year      = {2015}
}

@InProceedings{Shen2016,
  title     = {{M}inimum {R}isk {T}raining for {N}eural {M}achine {T}ranslation},
  author    = {Shiqi Shen and Yong Cheng and Zhongjun He and Wei He and Hua Wu and Masong Sun and Yang Liu},
  booktitle = {Proceedings of ACL},
  year      = {2016}
}


@article{Sennrich2015b,
  title     = {{N}eural {M}achine {T}ranslation of {R}are {W}ords with {S}ubword {U}nits},
  author    = {Rico Sennrich and Barry Haddow and Alexandra Birch},
  journal = {arXiv:1507.07909},
  year      = {2015}
}

@article{Sennrich2015,
  title     = {{I}mproving {N}eural {M}achine {T}ranslation {M}odels with {M}onolingual {D}ata},
  author    = {Rico Sennrich and Barry Haddow and Alexandra Birch},
  journal = {arXiv:1511.06709},
  year      = {2015}
}

@InProceedings{Socher2011,
  title     = {{S}emi-{S}upervised {R}ecursive {A}utoencoders for {P}redicting {S}entiment {D}istributions},
  author    = {Richard Socher and Jeffrey Pennington and Eric Huang and Andrew Ng and Christopher D. Manning},
  booktitle = {Proceedings of EMNLP},
  year      = {2011}
}

@InProceedings{Socher2013,
  title     = {{R}ecursive {D}eep {M}odels for {S}emantic {C}ompositionality {O}ver a {S}entiment {T}reebank},
  author    = {Richard Socher and Alex Perelygin and Jean Y. Wu and Jason Chuang and Christopher D. Manning and Andrew Y. Ng and Christopher Potts},
  booktitle = {Proceedings of EMNLP},
  year      = {2013}
}

@article{Srivastava2014,
  title     = {{D}ropout: {A} {S}imple {W}ay to {P}revent {N}eural {N}etworks from {O}verfitting},
  author    = {Nitish Srivastava and Geoffrey Hinton and Alex Krizhevsky and Ilya Sutskever and Ruslan Salakhutdinov},
  journal = {Journal of Machine Learning Research},
  year      = {2014}
}

@article{Srivastava2015a,
  title     = {{U}nsupervised {L}earning of {V}ideo {R}epresentations using {LSTM}s},
  author    = {Nitish Srivastava and Elman Mansimov and Ruslan Salakhutdinov},
  journal = {Proceedings of ICML},
  year      = {2015}
}

@article{Srinivas2015,
  title     = {{D}ata-free {P}arameter {P}runing for {D}eep {N}eural {N}etworks},
  author    = {Suraj Srinivas and R. Venkatesh Babu},
  journal = {BMVC},
  year      = {2015}
}

@article{Srivastava2015,
  title     = {{T}raining {V}ery {D}eep {N}etworks},
  author    = {Rupesh Kumar Srivastava and Klaus Greff and Jurgen Schmidhuber},
  journal = {arXiv:1507.06228},
  year      = {2015}
}

@InProceedings{Sundermeyer2012,
  title     = {{LSTM} {N}eural {N}etworks for {L}anguage {M}odeling},
  author    = {Martin Sundermeyer and Ralf Schluter and Hermann Ney},
  booktitle = {Proceedings of INTERSPEECH},
  year      = {2012}
}

@InProceedings{Sukhbaatar2015,
  title     = {{E}nd-{T}o-{E}nd {M}emory {N}etworks},
  author    = {Sainbayar Sukhbaatar and Arthur Szlam and Jason Weston and Rob Fergus},
  booktitle = {Proceedings of NIPS},
  year      = {2015}
}

@InProceedings{Sutskever2011,
  title     = {{G}enerating {T}ext with {R}ecurrent {N}eural {N}etworks},
  author    = {Ilya Sutskever and James Martens and Geoffrey Hinton},
  booktitle = {Proceedings of ICML},
  year      = {2011}
}

@InProceedings{Tai2015,
  title     = {{I}mproved {S}emantic {R}epresentations from {T}ree-{S}tructured {L}ong {S}hort-{T}erm {M}emory {N}etworks},
  author    = {Kai Sheng Tai and Richard Socher and Christopher D. Manning},
  booktitle = {Proceedings of ACL},
  year      = {2015}
}


@InProceedings{Sutskever2014,
  title     = {{S}equence to {S}equence {L}earning with {N}eural {N}etworks},
  author    = {Ilya Sutskever and Oriol Vinyals and Quoc Le},
  booktitle = {Proceedings of NIPS},
  year      = {2014}
}


@InProceedings{Vilar2007,
  title     = {{C}an {W}e {T}ranslate {L}etters?},
  author    = {David Vilar and Jan Peter and Hermann Ney},
  booktitle = {Proceedings of Second Workshop on Statistical Machine Translation},
  year      = {2007}
}


@InProceedings{Vinyals2015,
  title     = {{G}rammar as a {F}oreign {L}anguage},
  author    = {Oriol Vinyals and Lukasz Kaiser and Terry Koo and Slave Petrov and Ilya Sutskever and Geoffrey Hinton},
  booktitle = {Proceedings of NIPS},
  year      = {2015}
}

@InProceedings{Vinyals2015b,
  title     = {{S}how and {T}ell: {A} {N}eural {I}mage {C}aption {G}enerator},
  author    = {Oriol Vinyals and Alexander Toshev and Samy Bengio and Dumitru Erhan},
  booktitle = {Proceedings of CVPR},
  year      = {2015}
}

@InProceedings{Vinyals2015c,
  title     = {{A} {N}eural {C}onversational {M}odel},
  author    = {Oriol Vinyals and Quoc Le},
  booktitle = {Proceedings of ICML Deep Learning Workshop},
  year      = {2015}
}

@InProceedings{hazan2012,
  title     = {{O}n the {P}artition {F}unction and {R}andom {M}aximum {A}-{P}osteriori
{P}erturbation},
  author    = {Tamir Hazan and Tommi Jaakkola},
  booktitle = {Proceedings of ICML},
  year      = {2012}
}


@InProceedings{hoffman2017,
  title = 	 {{L}earning {D}eep {L}atent {G}aussian Models with {M}arkov Chain {M}onte {C}arlo},
  author = 	 {Matthew D. Hoffman},
  booktitle = 	 {Proceedings of ICML},
  year = 	 {2017}
}

@article{Fu2006,
  title     = {{G}radient {E}stimation},
  author    = {Michael C. Fu},
  volume = {13},
  pages = {575--616},
  year      = {2006},
  journal = {Handbooks in operations research and management science}
}

@article{wei1990mcem,
  title     = {{A} {M}onte {C}arlo 
  {I}mplementation of the {EM} {A}lgorithm and the {P}oor {M}an’s {D}ata {A}ugmentation {A}lgorithms},
  author    = {Greg C. G. Wei and Martin A. Tanner},
  volume = {85},
  pages = {699--704},
  year      = {1990},
  journal = {Journal of the American Statistical Association}
}

@InProceedings{Maddison2014,
  title     = {A* {S}ampling},
  author    = {Chris J. Maddison and Daniel Tarlow and Tom Minka},
  booktitle = {Proceedings of NIPS},
  year      = {2014}
}

@InProceedings{Papandreou2011,
  title     = {Perturb-and-{M}ap {R}andom {F}ields: {U}sing {D}iscrete {O}ptimization
to {L}earn and {S}ample from {E}nergy {M}odels},
  author    = {George Papandreou and Alan L. Yuille},
  booktitle = {Proceedings of ICCV},
  year      = {2011}
}

@InProceedings{hinton1993,
  title     = {Keeping the {N}eural {N}etworks {S}imple by {M}inimizing the {D}escription {L}ength of the {W}eights},
  author    = {Geoffrey E. Hinton and Drew van Camp},
  booktitle = {Proceedings of COLT},
  year      = {1993}
}
@InProceedings{Tucker2017,
  title     = {{REBAR}: {L}ow-variance, {U}nbiased {G}radient {E}stimates for {D}iscrete {L}atent {V}ariable {M}odels},
  author    = {George Tucker and  Andriy Mnih and Chris J. Maddison and Dieterich Lawson and Jascha Sohl-Dickstein},
  booktitle = {Proceedings of NIPS },
  year      = {2017}
}
@InProceedings{Ba2015,
  title     = {{L}earning {W}ake-{S}leep {R}ecurrent {A}ttention {M}odels},
  author    = {Jimmy Ba and Ruslan R Salakhutdinov and Roger B Grosse and Brendan J Frey},
  booktitle = {Proceedings of NIPS},
  year      = {2015}
}
@InProceedings{Grathwohl2018,
  title     = {{B}ackpropagation through the {V}oid: {O}ptimizing {C}ontrol {V}ariates for {B}lack-box {G}radient {E}stimation},
  author    = {Will Grathwohl and Dami Choi and Yuhuai Wu and Geoffrey Roeder and David Duvenaud},
  booktitle = {Proceedings of ICLR},
  year      = {2018}
}


}
@InProceedings{Wang2018,
  title     = {Topic {C}ompositional {N}eural {L}anguage {M}odel},
  author    = {Wenlin Wang and Zhe Gan and Wenqi Wang and Dinghan Shen and Jiaji Huang and Wei Ping and Sanjeev Satheesh and Lawrence Carin},
  booktitle = {Proceedings of AISTATS},
  year      = {2018}
} 

@InProceedings{Dieng2017,
  title     = {{T}opic{RNN}: {A} {R}ecurrent {N}eural {N}etwork {W}ith {L}ong-{R}ange {S}emantic {D}ependency},
  author    = {Adji B. Dieng and Chong Wang and Jianfeng Gao and John Paisley},
  booktitle = {Proceedings of ICLR},
  year      = {2017}
}

@InProceedings{Weston2015,
  title     = {{M}emory {N}etworks},
  author    = {Jason Weston and Sumit Chopra and Antoine Bordes},
  booktitle = {Proceedings of ICLR},
  year      = {2015}
}

@InProceedings{chen2018ode,
  title     = {Neural {O}rdinary {D}ifferential {E}quations},
  author    = {Ricky T. Q. Chen and Yulia Rubanova and Jesse Bettencourt and David Duvenaud},
  booktitle = {Proceedings of NIPS},
  year      = {2018}
}

@article{grathwohl2018ffjord,
  title     = {{FFJORD}: {F}ree-form {C}ontinuous {D}ynamics for {S}calable {R}eversible {G}enerative {M}odels},
  author    = {Will Grathwohl and Ricky T. Q. Chen and Jesse Bettencourt and Ilya Sutskever and David Duvenaud},
  journal = {arXiv:1810.01367},
  year      = {2018}
}


@article{gu2018dialog,
  title     = {Dialog{WAE}: {M}ultimodal {R}esponse {G}eneration with {C}onditional {W}asserstein {A}uto-{E}ncoder},
  author    = {Xiaodong Gu and Kyunghyun Cho and Jungwoo Ha and Sunghun Kim},
  journal = {arXiv:1805.12352},
  year      = {2018}
}


@InProceedings{xu2017embgan,
  title     = {{N}eural {R}esponse {G}eneration via {GAN} with an {A}pproximate {E}mbedding {L}ayer},
  author    = {Zhen Xu and Bingquan Liu and Baoxun Wang  and Chengjie Sun  and Xiaolong Wang and Zhuoran Wang and Chao Qi},
  booktitle = {Proceedings of EMNLP},
  year      = {2017}
}

@InProceedings{Werbos1990,
  title     = {Back-propagation {T}hrough {T}ime: what it does and how to do it.},
  author    = {Paul Werbos},
  booktitle = {Proceedings of IEEE},
  year      = {1990}
}

@article{Wiseman2016,
  title     = {Sequence-to-Sequence Learning as Beam-Search Optimization},
  author    = {Sam Wiseman and Alexander M. Rush},
  journal = {arXiv:1606.02960},
  year      = {2016}
}

@InProceedings{Xu2015,
  title     = {{S}how, {A}ttend and {T}ell: {N}eural {I}mage {C}aption {G}eneration with {V}isual {A}ttention},
  author    = {Kelvin Xu and Jimmy Ba and Ryan Kiros and Kyunghyun Cho and Aaron Courville and Ruslan Salakhutdinov
  and Richard Zemel and Yoshua Bengio},
  booktitle = {Proceedings of ICML},
  year      = {2015}
}


@InProceedings{deng2018,
  title     = {{L}atent {A}lignment and {V}ariational {A}ttention},
  author    = {Yuntian Deng and Yoon Kim and Justin Chiu and Demi Guo and  Alexander M. Rush},
  booktitle = {Proceedings of NIPS},
  year      = {2018}
}

@InProceedings{dyer2016rnng,
  title     = {{R}ecurrent {N}eural {N}etwork {G}rammars},
  author    = {Chris Dyer and Adhiguna Kuncoro and Miguel Ballesteros and Noah A. Smith},
  booktitle = {Proceedings of NAACL},
  year      = {2016}
} 


@article{Yang2015,
  title     = {{S}tacked {A}ttention {N}etworks for {I}mage {Q}uestion {A}nswering},
  author    = {Zichao Yang and Xiaodong He and Jianfeng Gao and Li Deng and Alex Smola},
  journal = {arXiv:1511.02274},
  year      = {2015}
}

@article{mohamed2016,
  title     = {{L}earning in {I}mplicit {G}enerative {M}odels},
  author    = {Shakir Mohamed and Balaji Lakshminarayanan },
  journal = {arXiv:1610.03483},
  year      = {2016}
}


@article{Zaremba2014,
  title     = {{R}ecurrent {N}eural {N}etwork {R}egularization},
  author    = {Wojciech Zaremba and Ilya Sutskever and Oriol Vinyals},
  journal = {arXiv:1409.2329},
  year      = {2014}
}

@InProceedings{Zhang2015,
  title     = {{C}haracter-level {C}onvolutional {N}etworks for {T}ext {C}lassification},
  author    = {Xiang Zhang and Junbo Zhao and Yann LeCun},
  booktitle = {Proceedings of NIPS},
  year      = {2015}
}

@InProceedings{Zhou2016,
  title     = {{D}eep {R}ecurrent {M}odels with {F}ast-{F}orward {C}onnections for {N}eural {M}achine {T}ranslation},
  author    = {Jie Zhou and Ying Cao and Xuguang Wang and Peng Li and Wei Xu},
  booktitle = {Proceedings of TACL},
  year      = {2016}
}

@InProceedings{Zhu2015,
  title     = {{L}ong {S}hort-{T}erm {M}emory {O}ver {T}ree {S}tructures},
  author    = {Xiaodan Zhu and Parinaz Sobhani and Hongyu Guo},
  booktitle = {Proceedings of ICML},
  year      = {2015}
}

@article{Zoph2016,
  title     = {{T}ransfer {L}earning for {L}ow-{R}esource {N}eural {M}achine {T}ranslation},
  author    = {Barret Zoph and Deniz Yuret and Jonathan May and Kevin Knight},
  journal = {arXiv:1604.02201},
  year      = {2016}
}


@inproceedings{kingma2018,
  title={{G}low: {G}enerative {F}low with {I}nvertible 1x1 {C}onvolutions},
  author={Diederik P. Kingma and Prafulla Dhariwal},
  booktitle={Proceedings of NIPS},
  year={2018}
}

@inproceedings{dinh2017,
  title={{D}ensity {E}stimation using {R}eal {NVP}},
  author={Laurent Dinh and Jascha Sohl-Dickstein and Samy Bengio},
  booktitle={Proceedings of ICLR},
  year={2017}
}

@inproceedings{papamakarios2017,
  title={{M}asked {A}utoregressive {F}low for {D}ensity {E}stimation},
  author={George Papamakarios and Theo Pavlakou and Iain Murray},
  booktitle={Proceedings of NIPS},
  year={2017}
}

@inproceedings{dinh2015,
  title={{N}ICE: {N}on-linear {I}ndependent {C}omponents {E}stimation},
  author={Laurent Dinh and David Krueger and Yoshua Bengio},
  booktitle={Proceedings of ICLR 2015 Workshop},
  year={2015}
}

@inproceedings{he2018,
  title={{U}nsupervised {L}earning of {S}yntactic {S}tructure with {I}nvertible {N}eural {P}rojections},
  author={Junxian He and Graham Neubig and Taylor Berg-Kirkpatrick},
  booktitle={Proceedings of EMNLP},
  year={2018}
}

@inproceedings{goodfellow2014generative,
  title={Generative {A}dversarial {N}ets},
  author={Goodfellow, Ian and Pouget-Abadie, Jean and Mirza, Mehdi and Xu, Bing and Warde-Farley, David and Ozair, Sherjil and Courville, Aaron and Bengio, Yoshua},
  booktitle={Proceedings of NIPS},
  year={2014}
}

@inproceedings{tran2016,
  title={{U}nsupervised {N}eural {H}idden {M}arkov {M}odels},
  author={Ke Tran and Yonatan Bisk and Ashish Vaswani and Daniel Marcu and Kevin Knight},
  booktitle={Proceedings of the Workshop on Structured Prediction for NLP},
  year={2016}
}

@inproceedings{alemi2018,
  title={{F}ixing a {B}roken {ELBO}},
  author={Alexander A. Alemi and Ben Poole and Ian Fischer and Joshua V. Dillon and 
  Rif A. Saurous and Kevin Murphy},
  booktitle={Proceedings of ICML},
  year={2018}
}

@article{Tran2017,
  title     = {{D}eep and {H}ierarchical {I}mplicit {M}odels},
  author    = {Dustin Tran and Rajesh Ranganath and David M. Blei},
  journal = {arXiv:1702.08896},
  year      = {2017}
}

@article{Mescheder2017,
  title     = {{A}dversarial {V}ariational {B}ayes: {U}nifying {V}ariational {A}utoencoders and {G}enerative {A}dversarial {N}etworks},
  author    = {Lars Mescheder and Sebastian Nowozin and Andreas Geiger},
  journal = {arXiv:1701.04722},
  year      = {2017}
}

@article{Rajeswar2017,
  title={{A}dversarial {G}eneration of {N}atural {L}anguage},
  author={Sai Rajeswar and Sandeep Subramanian and Francis Dutil and Christopher Pal and Aaron Courville},
  journal={arXiv:1705.10929},
  year={2017}
}

@article{Press2017,
  title={{L}anguage {G}eneration with {R}ecurrent {G}enerative {A}dversarial {N}etworks without {P}re-training
},
  author={Ofir Press and Amir Bar and Ben Bogin and Jonathan Berant and Lior Wolf},
  journal={arXiv:1706.01399},
  year={2017}
}

@article{Che2017,
  title     = {{M}aximum-{L}ikelihood {A}ugment {D}iscrete {G}enerative {A}dversarial {N}etworks},
  author    = {Tong Che and Yanran Li and Ruixiang Zhang and R Devon Hjelm and Wenjie Li and Yangqui Song and Yoshua Bengio},
  journal = {arXiv:1702.07983},
  year      = {2017}
}



@InProceedings{Li2017,
  title     = {{A}dversarial {L}earning for {N}eural {D}ialogue {G}eneration},
  author    = {Jiwei Li and Will Monroe and Tianlin Shi and Sebastien Jean and Alan Ritter and Dan Jurafsky},
  booktitle = {Proceedings of EMNLP},
  year      = {2017}
}

@InProceedings{yang2018nmtgan,
  title     = {{I}mproving {N}eural {M}achine {T}ranslation with {C}onditional {S}equence {G}enerative {A}dversarial {N}ets},
  author    = {Zhen Yang and Wei Chen and Feng Wang and Bo Xu},
  booktitle = {Proceedings of NAACL},
  year      = {2018}
}

@inproceedings{tolstikhin2017wasserstein,
  title={{W}asserstein {A}uto-{E}ncoders},
    author={Tolstikhin, Ilya and Bousquet, Olivier and Gelly, Sylvain and Schoelkopf, Bernhard},
      booktitle={Proceedings of ICLR},
        year={2018}
}

@inproceedings{wu2017adnmt,
  title={{A}dversarial {N}eural {M}achine {T}ranslation},
    author={Lijun Wu and Yingce Xia and Li Zhao and Fei Tian and Tao Qin and Jianhuang Lai and Tie-Yan Liu},
      booktitle={Proceedings of ACML},
        year={2017}
}

@article{Kusner2017,
  title     = {{GAN}s for {S}equences of {D}iscrete {E}lements with the {G}umbel-{S}oftmax {D}istribution},
  author    = {Matt Kusner and Jose Miguel Hernandez-Lobato},
  journal = {arXiv:1611.04051},
  year      = {2016}
}


@InProceedings{Yu2017,
  title     = {{S}eq{GAN}: {S}equence {G}enerative {A}dversarial {N}ets with {P}olicy {G}radient},
  author    = {Lantao Yu and Weinan Zhang and Jun Wang and Yong Yu},
  booktitle = {Proceedings of AAAI},
  year      = {2017}
}

@article{Jordan1999,
  title     = {{I}ntroduction to {V}ariational {M}ethods for {G}raphical {M}odels},
  author    = {Michael Jordan and Zoubin Ghahramani and Tommi Jaakkola and Lawrence Saul},
  journal = {Machine Learning},
  volume = {37},
  pages = {183-233},
  year      = {1999}
}

@article{tucker2018double,
  title     = {Doubly {R}eparameterized {G}radient {E}stimators for {M}onte {C}arlo {O}bjectives},
  author    = {George Tucker and Dieterich Lawson and Shixiang Gu and Chris J. Maddison},
  journal = {arXiv:1810.04152},
  year      = {2018}
}


@InProceedings{yu2016online,
  title     = {{O}nline {S}egment to {S}egment {N}eural {T}ransduction},
  author    = {Lei Yu and Jan Buys and Phil Blunsom},
  booktitle = {Proceedings of EMNLP},
  year      = {2016}
}


@InProceedings{yu2017noisy,
  title     = {{T}he {N}eural {N}oisy {C}hannel},
  author    = {Lei Yu and Phil Blunsom and Chris Dyer and Edward Grefenstette and Tomas Kocisky},
  booktitle = {Proceedings of ICLR},
  year      = {2017}
} 
 
@article{Wainwright2008,
  title     = {Introduction to {V}ariational {M}ethods for {G}raphical {M}odels},
  author    = {Martin J. Wainwright and Michael I. Jordan},
  journal = {Foundations and Trends in Machine Learning},
  pages = {1-103},
  volume = {1},
  year      = {2008}
}

@InProceedings{hoffman2016elbo,
  title     = {{ELBO} {S}urgery: {Y}et {A}nother {W}ay to {C}arve {U}p the {V}ariational {E}vidence 
  {L}ower {B}ound},
  author    = {Matthew D. Hoffman and Matthew J. Johnson},
  booktitle = {Proceedings of NIPS Symposium on Advances in Approximate Bayesian Inference},
  year      = {2016}
}


@article{Blei2017,
author = {David M. Blei and Alp Kucukelbir and Jon D. McAuliffe},
title = {{V}ariational {I}nference: {A} {R}eview for {S}tatisticians},
journal = {Journal of the American Statistical Association},
volume = {112},
number = {518},
pages = {859-877},
year  = {2017}
}
@article{Zhang2017,
  title     = {{A}dvances in {V}ariational {I}nference},
  author    = {Cheng Zhang and Judith Butepage and Hedvig Kjellstrom and Stephan Mandt},
  journal = {arXiv:1711.05597},
  year      = {2017}
}

@article{Hoffman2013,
  title     = {{S}tochastic {V}ariational {I}nference},
  author    = {Matthew D. Hoffman and David M. Blei and Chong Wang and John Paisley},
  journal = {Journal of Machine Learning Research},
  pages = {1303-1347},
  volume = {13},
  year      = {2013}
}

@InProceedings{Ravi2017,
  title     = {{O}ptimization as a {M}odel for {F}ew-{S}hot {L}earning},
  author    = {Sachin Ravi and Hugo Larochelle},
  booktitle = {Proceedings of ICLR},
  year      = {2017}
}

@inproceedings{Cho2013,
  title     = {A {T}wo-{S}tage {P}retraining {A}lgorithm for {D}eep {B}oltzmann {M}achines},
  author    = {Kyunghyun Cho and Tapani Raiko and Alexander Ilin and Juha Karhunen},
  booktitle = {Proceedings of ICANN},
  year      = {2013}
}
@InProceedings{Metz2017,
  title     = {Unrolled Generative Adversarial Networks},
  author    = {Luke Metz and Ben Poole and David Pfau and Jascha Sohl-Dickstein},
  booktitle = {Proceedings of ICLR},
  year      = {2017}
}


@InProceedings{Hjelm2016,
  title     = {{I}terative {R}efinement of the {A}pproximate {P}osterior for {D}irected {B}elief {N}etworks},
  author    = {R Devon Hjelm and Kyunghyun Cho and Junyoung Chung and Russ Salakhutdinov and Vince Calhoun and Nebojsa Jojic},
  booktitle = {Proceedings of NIPS},
  year      = {2016}
}

@inproceedings{Kim2017,
  title     = {{S}tructured {A}ttention {N}etworks},
  author    = {Yoon Kim and Carl Denton and Luong Hoand and Alexander M. Rush},
  booktitle = {Proceedings of ICLR},
  year      = {2017}
}

@inproceedings{Kim2018,
  title     = {{S}emi-{A}mortized {V}ariational {A}utoencoders},
  author    = {Yoon Kim and Sam Wiseman and Andrew C. Miller and David Sontag and Alexander M. Rush},
  booktitle = {Proceedings of ICML},
  year      = {2018}
}

@inproceedings{Titsias2014,
  title     = {{D}oubly {S}tochastic {V}ariational {B}ayes for non-{C}onjugate {I}nference},
  author    = {Michalis K. Titsias and Miguel Lazaro-Gredilla},
  booktitle = {Proceedings of ICML},
  year      = {2014}
}



@article{Cho2015,
  title     = {How to {P}retrain {D}eep {B}oltzmann {M}achines in {T}wo {S}tages},
  author    = {Kyunghyun Cho and Tapani Raiko and Alexander Ilin and Juha Karhunen},
  journal = {Artificial Neural Networks, Methods and Applications in Bio-/Neuroinformatics,},
  pages = {201-219},
  volume = {4},
  year      = {2015}
}



@article{Brakel2013,
  title     = {{T}raining {E}nergy-{B}ased {M}odels for {T}ime-{S}eries {I}mputation},
  author    = {Philemon Brakel and Dirk Stroobandt and Benjamin Schrauwen},
  journal = {Journal of Machine Learning Research},
  pages = {2771-2797},
  volume = {14},
  year      = {2013}
}




@InProceedings{Belanger2017,
  title     = {End-to-end {L}earning for {S}tructured {P}rediction {E}nergy {N}etworks},
  author    = {David Belanger and Bishan Yang and Andrew McCallum},
  booktitle = {Proceedings of ICML},
  year      = {2017}
}


@InProceedings{Amos2017,
  title     = {{O}pt{N}et: {D}ifferentiable {O}ptimization as a {L}ayer in {N}eural {N}etworks},
  author    = {Brandon Amos and J. Zico Kolter},
  booktitle = {Proceedings of ICML},
  year      = {2017}
}

@InProceedings{Andrychowicz2016,
  title     = {Learning to {L}earn by {G}radient {D}escent by {G}radient {D}escent},
  author    = {Marcin Andrychowicz and Misha Denil and Sergio Gomez and 
  Matthew Hoffman and David Pfau and Tom Schaul and Nando de Freitas},
  booktitle = {Proceedings of NIPS},
  year      = {2016}
}


@InProceedings{Maclaurin2015,
  title     = {{G}radient-based {H}yperparameter {O}ptimization through {R}eversible {L}earning},
  author    = {Dougal Maclaurin and David Duvenaud and Ryan P. Adams},
  booktitle = {Proceedings of ICML},
  year      = {2015}
}

@InProceedings{Goyal2017,
  title     = {{N}onparametric {V}ariational {A}uto-encoders for {H}ierarchical {R}epresentation {L}earning},
  author    = {Prasoon Goyal and Zhiting Hu and Xiaodan Liang and Chenyu Wang and Eric Xing},
  booktitle = {Proceedings of ICCV},
  year      = {2017}
}

@InProceedings{Domke2012,
  title     = {{G}eneric {M}ethods for {O}ptimization-based {M}odeling},
  author    = {Justin Domke},
  booktitle = {Proceedings of AISTATS},
  year      = {2012}
}

@InProceedings{Mnih2014,
  title     = {{N}eural {V}ariational {I}nference and {L}earning in {B}elief {N}etworks},
  author    = {Andryi Mnih and Karol Gregor},
  booktitle = {Proceedings of ICML},
  year      = {2014}
}

@InProceedings{Paisely2012,
  title     = {Variational {B}ayesian {I}nference with {S}tochastic {S}earch},
  author    = {John Paisley and David Blei and Michael Jordan},
  booktitle = {Proceedings of ICML},
  year      = {2012}
}
@InProceedings{Ranganath2014,
  title     = {{B}lack {B}ox {V}ariational {I}nference},
  author    = {Rajesh Ranganath and Sean Gerrish and David M. Blei},
  booktitle = {Proceedings of AISTATS},
  year      = {2014}
}

@InProceedings{Ghahramani2001,
  title     = {Propagation Algorithms for Variational Bayesian Learning},
  author    = {Zoubin Ghahramani and Matthew Beal},
  booktitle = {Proceedings of NIPS},
  year      = {2001}
}

@InProceedings{Johnson2016,
  title     = {{C}omposing {G}raphical {M}odels with {N}eural {N}etworks for {S}tructured {R}epresentations and {F}ast {I}nference},
  author    = {Matthew Johnson and David K. Duvenaud and Alex Wiltschko and Ryan P. Adams and Sandeep R. Datta},
  booktitle = {Proceedings of NIPS},
  year      = {2016}
}

@InProceedings{Nalisnick2017,
  title     = {{S}tick-{B}reaking {V}ariational {A}utoencoders},
  author    = {Eric Nalisnick and Padhraic Smyth},
  booktitle = {Proceedings of ICLR},
  year      = {2017}
}

@InProceedings{Kingma2014,
  title     = {{A}uto-{E}ncoding {V}ariational {B}ayes},
  author    = {Diederik P. Kingma and Max Welling},
  booktitle = {Proceedings of ICLR},
  year      = {2014}
}



@InProceedings{Kingma2014b,
  title     = {{S}emi-{S}upervised {L}earning with {D}eep {G}enerative {M}odels},
  author    = {Diederik P. Kingma and Danilo J. Rezende and Shakir Mohamed and Max Welling},
  booktitle = {Proceedings of NIPS},
  year      = {2014}
}


@article{Zhao2017,
  title     = {Towards {D}eeper {U}nderstanding of {V}ariational {A}utoencoding {M}odels},
  author    = {Shengjia Zhao and Jiaming Song and Stefano Ermon},
  journal = {arXiv:1702.08658},
  year      = {2017}
} 

@InProceedings{Gulrajani2017,
  title     = {Pixel{VAE}: {A} {L}atent {V}ariable {M}odel for {N}atural {I}mages},
  author    = {Ishaan Gulrajani and Kundan Kumar and Faruk Ahmed and Adrien Ali Taiga
  and Francesco Visin and David Vazquez and Aaron Courville},
  booktitle = {Proceedings of ICLR},
  year      = {2017}
} 

@InProceedings{Zhao2018,
  title     = {{T}he {I}nformation {A}utoencoding {F}amily:
{A} {L}agrangian {P}erspective on {L}atent {V}ariable {G}enerative {M}odels},
  author    = {Shengjia Zhao and Jiaming Song and Stefano Ermon},
  booktitle = {Proceedings of UAI},
  year      = {2018}
} 



@InProceedings{griffiths2004,
  title     = {{I}ntegrating {T}opics and {S}yntax},
  author    = {Thomas L. Griffiths and Steyvers, Mark and David M. Blei and Joshua B. Tenenbaum},
  booktitle = {Proceedings of NIPS},
  year      = {2004}
} 

@InProceedings{boyd2008,
title = {{S}yntactic {T}opic {M}odels},
author = {Jordan L. Boyd-Graber and David M. Blei},
  booktitle = {Proceedings of NIPS},
  year      = {2008}
}


@InProceedings{Rezende2014,
  title     = {{S}tochastic {B}ackpropagation and {A}pproximate {I}nference in {D}eep {G}enerative {M}odels},
  author    = {Danilo J. Rezende and Shakir Mohamed and Daan Wierstra},
  booktitle = {Proceedings of ICML},
  year      = {2014}
}

@InProceedings{Vincent2008,
  title     = {{E}xtracting and {C}omposing {R}obust {F}eatures with {D}enoising
{A}utoencoders},
  author    = {Pascal Vincent and Hugo Larochelle and Yoshua Bengio and Pierre-Antoine Manzagol},
  booktitle = {Proceedings of ICML},
  year      = {2008}
}

@InProceedings{Glynn1987,
  title     = {{L}ikelihood {R}atio {G}radient {E}stimation: {A}n {O}verview},
  author    = {Peter Glynn},
  booktitle = {Proceedings of Winter Simulation Conference},
  year      = {1987}
}

@InProceedings{Jang2017,
  title     = {{C}ategorical {R}eparameterization with {G}umbel-{S}oftmax},
  author    = {Eric Jang and Shixiang Gu and Ben Poole},
  booktitle = {Proceedings of ICLR},
  year      = {2017}
}
@book{Murphy:2012:MLP:2380985,
 author = {Murphy, Kevin P.},
 title = {Machine Learning: A Probabilistic Perspective},
 year = {2012},
 isbn = {0262018020, 9780262018029},
 publisher = {The MIT Press},
} 
@InProceedings{Bowman2016,
  title     = {{G}enerating {S}entences from a {C}ontinuous {S}pace},
  author    = {Samuel R. Bowman and Luke Vilnis and Oriol Vinyal and Andrew M. Dai and Rafal Jozefowicz and Samy Bengio},
  booktitle = {Proceedings of CoNLL},
  year      = {2016}
}

@InProceedings{Miao2016,
  title     = {{N}eural {V}ariational {I}nference for {T}ext {P}rocessing},
  author    = {Yishu Miao and Lei Yu and Phil Blunsom},
  booktitle = {Proceedings of ICML},
  year      = {2016}
}

@InProceedings{Hu2017controllable,
  title     = {{C}ontrollable {T}ext {G}eneration},
  author    = {Zhiting Hu and Zichao Yang and  Xiaodan Liang and Ruslan Salakhutdinov and Eric P. Xing},
  booktitle = {Proceedings of ICML},
  year      = {2017}
}

@InProceedings{Yang2017,
  title     = {{I}mproved {V}ariational {A}utoencoders for {T}ext {M}odeling using {D}ilated {C}onvolutions},
  author    = {Zichao Yang and Zhiting Hu and Ruslan Salakhutdinov and Taylor Berg-Kirkpatrick},
  booktitle = {Proceedings of ICML},
  year      = {2017}
}

@InProceedings{Bowman2015nli,
  title     = {A large annotated corpus for learning natural language inference},
  author    = {Samuel R. Bowman and Gabor Angeli and Christopher Potts and Christopher D. Manning},
  booktitle = {Proceedings of EMNLP},
  year      = {2015}
}

@article{Williams1992,
  title     = {{S}imple {S}tatistical {G}radient-following {A}lgorithms for {C}onnectionist {R}einforcement {L}earning},
  author    = {Ronald J. Williams},
  journal = {Machine Learning},
  volume = {8},
  year      = {1992}
}

@article{Che2017,
  title     = {{M}aximum-{L}ikelihood {A}ugment {D}iscrete {G}enerative {A}dversarial {N}etworks},
  author    = {Tong Che and Yanran Li and Ruixiang Zhang and R Devon Hjelm and Wenjie Li and Yangqui Song and Yoshua Bengio},
  journal = {arXiv:1702.07983},
  year      = {2017}
}

@InProceedings{ranzato2016seq,
  title     = {Sequence {L}evel {T}raining with {R}ecurrent {N}eural {N}etworks},
  author    = {Marc'Aurelio Ranzato and Sumit Chopra and Michael Auli and Wojciech Zaremba},
  booktitle = {Proceedings of ICLR},
  year      = {2016}
}

@article{Hjelm2017,
  title     = {{B}oundary-{S}eeking {G}enerative {A}dversarial {N}etworks},
  author    = {R Devon Hjelm and Athul Paul Jacob and Tong Che and Kyunghyun Cho and Yoshua Bengio},
  journal = {arXiv:1702.08431},
  year      = {2017}
}

@article{Makhzani2015,
  title     = {{A}dversarial {A}utoencoders},
  author    = {Alireza Makhzani and Jonathon Shlens and Navdeep Jaitly and Ian Goodfellow and Brendan Frey},
  journal = {arXiv:1511.05644},
  year      = {2015}
}

@article{Makhzani2017,
  title     = {{P}ixel{GAN} {A}utoencoders},
  author    = {Alireza Makhzani and Brendan Frey},
  journal = {arXiv:1706.00531},
  year      = {2017}
}

@article{Hu2017on,
  title     = {{O}n {U}nifying {D}eep {G}enerative {M}odels},
  author    = {Zhiting Hu and Zichao Yang and Ruslan Salakhutdinov and Eric P. Xing},
  journal = {arXiv:1706.00550},
  year      = {2017}
}

@article{Kingma2016,
  title     = {{I}mproving {V}ariational {I}nference with {A}utoregressive {F}low},
  author    = {Diederik P. Kingma and Tim Salimans and Max Welling},
  journal = {arXiv:1606.04934},
  year      = {2016}
}
@InProceedings{Li2015,
  title     = {{G}enerative {M}oment {M}atching {N}etworks},
  author    = {Yujia Li and Kevin Swersky and Richard Zemel},
  booktitle = {Proceedings of ICML},
  year      = {2015}
}

@InProceedings{Chen2017,
  title     = {{V}ariational {L}ossy {A}utoencoder},
  author    = {Xi Chen and Diederik P. Kingma and Tim Salimans and Yan Duan and Prafulla Dhariwal and John Schulman and Ilya Sutskever and Pieter Abbeel},
  booktitle = {Proceedings of ICLR},
  year      = {2017}
}

@InProceedings{Rezende2015,
  title     = {{V}ariational {I}nference with {N}ormalizing {F}lows},
  author    = {Danilo J. Rezende and Shakir Mohamed},
  booktitle = {Proceedings of ICML},
  year      = {2015}
}
@InProceedings{huang2018naf,
  title     = {{N}eural {A}utoregressive {F}lows},
  author    = {Chin-Wei Huang and David Krueger and Alexandre Lacoste and Aaron Courville},
  booktitle = {Proceedings of ICML},
  year      = {2018}
}

@InProceedings{berg2018,
  title     = {{S}ylvester {N}ormalizing {F}lows for {V}ariational {I}nference},
  author    = {Rianne van den Berg and Leonard Hasenclever and Jakub M. Tomczak and Max Welling},
  booktitle = {Proceedings of UAI},
  year      = {2018}
}

@InProceedings{Tomczak2016hf,
  title     = {{I}mproving {V}ariational {A}uto-{E}ncoders using {H}ouseholder {F}low},
  author    = {Jakub M. Tomczak and Max Welling},
  booktitle = {Proceedings of NIPS Bayesian Deep Learning Workshop },
  year      = {2016}
}

@InProceedings{Hill2016,
  title     = {{L}earning distributed representations of sentences from unlabelled data},
  author    = {Felix Hill and Kyunghyun Cho and Anna Korhonen},
  booktitle = {Proceedings of NAACL},
  year      = {2016}
}
@InProceedings{Mikolov2013,
  title     = {{L}inguistic {R}egularities in {C}ontinuous {S}pace {W}ord {R}epresentations},
  author    = {Tomas Mikolov and Scott Wen-tau Yih and Geoffrey Zweig},
  booktitle = {Proceedings of NAACL},
  year      = {2013}
}

@InProceedings{Salakhutdinov2010,
  title     = {{E}fficient {L}earning of {D}eep {B}oltzmann {M}achines},
  author    = {Ruslan Salakhutdinov and Hugo Larochelle},
  booktitle = {Proceedings of AISTATS},
  year      = {2010}
} 
@InProceedings{Salimans2015,
  title     = {Markov {C}hain {M}onte {C}arlo and {V}ariational {I}nference: {B}ridging the {G}ap},
  author    = {Tim Salimans and Diederik Kingma and Max Welling},
  booktitle = {Proceedings of ICML},
  year      = {2015}
} 


@InProceedings{Krishnan2017,
  title     = {{O}n the {C}hallenges of {L}earning with {I}nference {N}etworks on {S}parse, {H}igh-dimensional {D}ata},
  author    = {Rahul G. Krishnan and  Dawen Liang and Matthew Hoffman},
  booktitle = {Proceedings of AISTATS},
  year      = {2018}
}


@InProceedings{Pu2017,
  title     = {{VAE} {L}earning via {S}tein {V}ariational {G}radient {D}escent},
  author    = {Yunchen Pu and Zhe Gan and Ricardo Henao and Chunyuan Li and Shaobo Han and Lawrence Carin},
  booktitle = {Proceedings of NIPS},
  year      = {2017}
}

@InProceedings{Marino2017,
  title={{I}terative {A}mortized {I}nference},
  author={Joseph Marino and Yisong Yue and Stephan Mandt},
  booktitle = {Proceedings of ICML},
  year={2018}
}

@InProceedings{Cremer2018,
  title     = {{I}nference {S}uboptimality in {V}ariational {A}utoencoders},
  author    = {Chris Cremer and Xuechen Li and David Duvenaud},
  booktitle = {Proceedings of ICML},
  year      = {2018}
}

@InProceedings{Radford2016,
  title     = {{U}nsupervised {R}epresentation {L}earning with {D}eep {C}onvolutional {G}enerative {A}dversarial {N}etworks},
  author    = {Alec Radford and Luke Metz and Soumith Chintala},
  booktitle = {Proceedings of ICLR},
  year      = {2016}
}

@InProceedings{Theis2016,
  title     = {A note on the evaluation of generative models},
  author    = {Lucas Theis and Aaron van den Oord and Matthias Bethge},
  booktitle = {Proceedings of ICLR},
  year      = {2016}
}





@InProceedings{vqvae,
  title     = {{N}eural {D}iscrete {R}epresentation {L}earning},
  author    = {Aaron van den Oord and Oriol Vinyals and  Koray Kavukcuoglu},
  booktitle = {Proceedings of NIPS},
  year      = {2017}
}

@InProceedings{pixelrnn,
  title     = {{P}ixel {R}ecurrent {N}eural {N}etworks},
  author    = {Aaron van den Oord and Nal Kalchbrenner and  Koray Kavukcuoglu},
  booktitle = {Proceedings of ICML},
  year      = {2016}
}

@article{wavenet,
  author    = {Aaron van den Oord and Sander Dieleman and Heiga Zen and Karen Simonyan and Oriol Vinyals and Alex Graves and Nal Kalchbrenner and Andrew Senior and Koray Kavukcuglu},
  title     = {Wave{N}et: A {G}enerative {M}odel for Raw {A}udio},
  journal = {arXiv:1609.03499},
  year      = {2016}
}




@article{lecun2006tutorial,
  title={A tutorial on energy-based learning},
  author={LeCun, Yann and Chopra, Sumit and Hadsell, Raia},
  year={2006}
}

@article{zhao2016energy,
  author    = {Junbo Jake Zhao and
               Micha{\"{e}}l Mathieu and
               Yann LeCun},
  title     = {Energy-based Generative Adversarial Network},
  journal   = {CoRR},
  volume    = {abs/1609.03126},
  year      = {2016},
  url       = {http://arxiv.org/abs/1609.03126},
  timestamp = {Fri, 16 Dec 2016 19:42:02 +0100},
  biburl    = {http://dblp.uni-trier.de/rec/bib/journals/corr/ZhaoML16},
  bibsource = {dblp computer science bibliography, http://dblp.org}
}

@inproceedings{dai2015semi,
  title={Semi-supervised sequence learning},
  author={Dai, Andrew M and Le, Quoc V},
  booktitle={Proceedings of NIPS},
  year={2015}
}


@article{berthelot2017began,
  title={BEGAN: Boundary Equilibrium Generative Adversarial Networks},
  author={Berthelot, David and Schumm, Tom and Metz, Luke},
  journal={arXiv:1703.10717},
  year={2017}
}

@article{Semeniuta2017,
  title={{A} {H}ybrid {C}onvolutional {V}ariational {A}utoencoder for {T}ext {G}eneration},
  author={Stanislau Semeniuta and Aliaksei Severyn and Erhardt Barth},
  journal={arXiv:1702.02390},
  year={2017}
}


@inproceedings{Shen2017,
  title={{S}tyle {T}ransfer from {N}on-{P}arallel {T}ext by {C}ross-{A}lignment},
  author={Tianxiao Shen and Tao Lei and Regina Barzilay and Tommi Jaakkola},
  booktitle={Proceedings of NIPS},
  year={2017}
}

@inproceedings{lamb2016,
  title={{P}rofessor {F}orcing: {A} {N}ew {A}lgorithm for {T}raining {R}ecurrent {N}etworks},
  author={Alex Lamb and Anirudh Goyal and Ying Zhang and Saizheng Zhang and Aaron Courville and Yoshua Bengio},
  booktitle={Proceedings of NIPS},
  year={2016}
}






@article{hochreiter1997long,
  title={Long {S}hort-{T}erm {M}emory},
  author={Hochreiter, Sepp and Schmidhuber, Jurgen},
  journal={Neural computation},
  volume={9},
  number={8},
  pages={1735--1780},
  year={1997},
  publisher={MIT Press}
}

@article{hinton2006,
  title={{A} {F}ast {L}earning {A}lgorithm for {D}eep {B}elief {N}ets },
  author={Geoffrey E. Hinton and Simon Osindero and Yee-Whye Teh},
  journal={Neural computation},
  volume={18},
  pages={1527--1554},
  year={2006},
  publisher={MIT Press}
}

@article{le2018rws,
  title={{R}evisiting {R}eweighted {W}ake-{S}leep},
  author={Tuan Anh Le and Adam R. Kosiorek and N. Siddharth and Yee Whye Teh and Frank Wood},
  journal={arXiv:arXiv:1805.10469},
  year={2018}
}

@article{cifka2018,
  title={Eval all, trust a few, do wrong to none: {C}omparing sentence generation models},
  author={Ond{\u r}ej C{\'i}fka and Aliaksei Severyn and Enrique Alfonseca and Katja Filippova},
  journal={arXiv:arXiv:1804.07972},
  year={2018}
}

@article{nepal2013,
  title={Factorial {H}idden {M}arkov {M}odels for {L}earning {R}epresentations of {N}atural {L}anguage},
  author={Anjan Nepal and Alexander Yates},
  journal={arXiv:arXiv:1312.6168},
  year={2013}
}


@inproceedings{dieng2018,
  title={{A}voiding {L}atent {V}ariable {C}ollapse with {G}enerative {S}kip {M}odels},
  author={Adji B. Dieng and Yoon Kim and Alexander M. Rush and David M. Blei},
  booktitle={Proceedings of the ICML Workshop on Theoretical Foundations and Applications of Deep Generative Models},
  year={2018}
}

@inproceedings{he2018moe,
  title={Sequence to {S}equence {M}ixture {M}odel for {D}iverse {M}achine {T}ranslation},
  author={Xuanli He and Gholamreza Haffari and Mohammad Norouzi},
  booktitle={Proceedings of CoNLL},
  year={2018}
}





@inproceedings{sem2018ganeval,
  title={On {A}ccurate {E}valuation of {GAN}s for {L}anguage {G}eneration},
  author={Stanislau Semeniuta and Aliaksei Severyn and Sylvain Gellyi},
  booktitle={Proceedings of the ICML Workshop on Theoretical Foundations and Applications of Deep Generative Models},
  year={2018}
}




@inproceedings{zhao2018infovae,
  title={{I}nfo{VAE}: {I}nformation {M}aximizing {V}ariational {A}utoencoders},
  author={Shengjia Zhao and Jiaming Song and Stefano Ermon},
  booktitle={Proceedings of the ICML Workshop on Theoretical Foundations and Applications of Deep Generative Models},
  year={2018}
}

@inproceedings{gao2018tc,
  title={{A}uto-{E}ncoding {T}otal {C}orrelation {E}xplanation},
  author={Shuyang Gao and Rob Brekelmans and Greg Ver Steeg and Aram Galstyan},
  booktitle={Proceedings of ICML},
  year={2018}
}

@inproceedings{belghazi2018,
  title={{MINE}: {M}utual {I}nformation {N}eural {E}stimation},
  author={Mohamed Ishmael Belghazi and Aristide Baratin and Sai Rajeswar and Sherjil Ozair and
  Yoshua Bengio and Aaron Courville and R Devon Hjelm},
  booktitle={Proceedings of ICML},
  year={2018}
}


@inproceedings{li2017deep,
  title={Deep Recurrent Generative Decoder for Abstractive Text Summarization},
  author={Li, Piji and Lam, Wai and Bing, Lidong and Wang, Zihao},
  booktitle={Proceedings of the 2017 Conference on Empirical Methods in Natural Language Processing},
  pages={2091--2100},
  year={2017}
}

@inproceedings{nowozin2016f,
  title={f-{GAN}: {T}raining {G}enerative {N}eural {S}amplers using {V}ariational {D}ivergence {M}inimization},
  author={Nowozin, Sebastian and Cseke, Botond and Tomioka, Ryota},
  booktitle={Proceedings of NIPS},
  year={2016}
}


@inproceedings{zhang2017stack,
  title={Stack{GAN}: {T}ext to {P}hoto-realistic {I}mage {S}ynthesis with {S}tacked {G}enerative {A}dversarial {N}etworks},
  author={Han Zhang and Tao Xu and Hongsheng Li and Shaoting Zhang and Xiaogang Wang and Xiaolei Huang and Dimitris Metaxas},
  booktitle={Proceedings of ICCV},
  year={2017}
}


@inproceedings{salimans2016,
  title={{I}mproved {T}echniques for {T}raining {GAN}s},
  author={Tim Salimans and Ian Goodfellow and Wojciech Zaremba and Vicki Cheung and Alec Radford and Xi Chen},
  booktitle={Proceedings of NIPS},
  year={2016}
}

@inproceedings{Karras2018prog,
  title={{P}rogressive {G}rowing of {GAN}s for {I}mproved {Q}uality, {S}tability, and {V}ariation},
  author={Tero Karras and Timo Aila and Samuli Laine and Jaakko Lehtinen},
  booktitle={Proceedings of ICLR},
  year={2018}
}


@inproceedings{arjovsky2017wasserstein,
  author    = {Mart{\'{\i}}n Arjovsky and
               Soumith Chintala and
               L{\'{e}}on Bottou},
  title     = {Wasserstein {G}enerative {A}dversarial {N}etworks},
  booktitle = {Proceedings of ICML},
  year      = {2017}
}


@article{kusner2016gans,
  title={GANS for Sequences of Discrete Elements with the Gumbel-softmax Distribution},
  author={Kusner, Matt J and Hern{\'a}ndez-Lobato, Jos{\'e} Miguel},
  journal={arXiv preprint arXiv:1611.04051},
  year={2016}
}

@inproceedings{lin2017adversarial,
  title={Adversarial {R}anking for {L}anguage {G}eneration},
  author={Lin, Kevin and Li, Dianqi and He, Xiaodong and Sun, Ming-ting and Zhang, Zhengyou},
  booktitle={Proceedings of NIPS},
  year={2017}
}

@inproceedings{guo2018leakgan,
  title={{L}ong {T}ext {G}eneration via {A}dversarial {T}raining with {L}eaked {I}nformation},
  author={Jiaxian Guo and Sidi Lu and Han Cai and Weinan Zhang and Yong Yu and Jun Wang},
  booktitle={Proceedings of AAAI},
  year={2018}
}




@inproceedings{higgins2017,
  title={$\beta$-{VAE}: {L}earning {B}asic {V}isual {C}oncepts with a {C}onstrained {V}ariational {F}ramework},
  author={Irina Higgins and Loic Matthey and Arka Pal and Christopher Burgess and Xavier Glorot and
  Matthew Botvinick and Shakir Mohamed and Alexander Lerchner},
  booktitle={Proceedings of ICLR},
  year={2017}
}



@inproceedings{zhao2017adversarially,
  title={{A}dversarially {R}egularized {A}utoencoders},
  author={Zhao, Junbo and Kim, Yoon and Zhang, Kelly and Rush, Alexander M and LeCun, Yann},
  booktitle={Proceedings of ICML},
  year={2018}
}

@inproceedings{miyato2018,
  title={{S}pectral {N}ormalization for {G}enerative {A}dversarial {N}etworks},
  author={Takeru Miyato and Toshiki Kataoka and Masanori Koyama and Yuichi Yoshida},
  booktitle={Proceedings of ICLR},
  year={2018}
}

@inproceedings{gal2016dropout,
  title={Dropout as a Bayesian approximation: Representing model uncertainty in deep learning},
  author={Gal, Yarin and Ghahramani, Zoubin},
  booktitle={international conference on machine learning},
  pages={1050--1059},
  year={2016}
}

@inproceedings{gal2016theoretically,
  title={A theoretically grounded application of dropout in recurrent neural networks},
  author={Gal, Yarin and Ghahramani, Zoubin},
  booktitle={Advances in neural information processing systems},
  pages={1019--1027},
  year={2016}
}

@inproceedings{gal2017concrete,
  title={Concrete dropout},
  author={Gal, Yarin and Hron, Jiri and Kendall, Alex},
  booktitle={Proceedings of NIPS},
  year={2017}
}

@inproceedings{kim2018dist,
  title={{D}isentangling by {F}actorising},
  author={Hyunjik Kim and Andriy Mnih},
  booktitle={Proceedings of ICML},
  year={2018}
}
@inproceedings{Chen2018vae,
  title={{I}solating {S}ources of {D}isentanglement in {V}ariational {A}utoencoders},
  author={Tian Qi Chen and Xuechen Li and Roger Grosse and David Duvenaud},
  booktitle={Proceedings of ICML},
  year={2018}
}

@inproceedings{Burgess2017,
  title={{U}nderstanding {D}isentangling in $\beta$-{VAE}},
  author={Christopher P. Burgess and Irina Higgins and Arka Pal and Loic Matthey and Nick Watters and Guillaume Desjardins and Alexander Lerchner},
  booktitle={Proceedings of NIPS Workshop on Learning Disentangled Representations},
  year={2017}
}


@inproceedings{Wu2017quant,
  title={{O}n the {Q}uantitative {A}nalysis of {D}ecoder-{B}ased {G}enerative {M}odels},
  author={Yuhuai Wu and Yuri Burda and Ruslan Salakhutdinov and Roger Grosse},
  booktitle={Proceedings of ICLR},
  year={2017}
}

@article{neal2001,
  title={{A}nnealed {I}mportance {S}ampling},
  author={Radford M. Neal},
  volume = {11},
  pages = {125--139},
  journal={Statistics and Computing},
  year={2001}
}

@article{melis2018pushing,
  title={Pushing the bounds of dropout},
  author={Melis, G{\'a}bor and Blundell, Charles and Ko{\v{c}}isk{\`y}, Tom{\'a}{\v{s}} and Hermann, Karl Moritz and Dyer, Chris and Blunsom, Phil},
  journal={arXiv preprint arXiv:1805.09208},
  year={2018}
}

@article{elman1990,
author = {Jeffrey L. Elman},
title = {Finding structure in time},
journal = {Cognitive Science},
year = {1990},
volume = {14},
number = {2},
pages = {179--211}
}

@article{rabiner1989tutorial,
  title={A tutorial on hidden Markov models and selected applications in speech recognition},
  author={Rabiner, Lawrence R},
  journal={Proceedings of the IEEE},
  volume={77},
  number={2},
  pages={257--286},
  year={1989},
  publisher={Ieee}
}


@article{willett1988recent,
  title={{R}ecent {T}rends in {H}ierarchic {D}ocument {C}lustering: {A} {C}ritical {R}eview},
  author={Willett, Peter},
  journal={Information Processing \& Management},
  volume={24},
  number={5},
  pages={577--597},
  year={1988},
  publisher={Citeseer}
}

@article{hinton1995ws,
  title={The {W}ake-{S}leep {A}lgorithm for {U}nsupervised {N}eural {N}etworks},
  author={Geoffrey E. Hinton and Peter Dayan and Brendan J. Frey and Radford M. Neal},
  journal={Science},
  volume={268},
  pages={1158--1161},
  year={1995},
}


@InProceedings{shen2018deconv,
  title     = {{D}econvolutional {L}atent-{V}ariable {M}odel for {T}ext {S}equence {M}atching},
  author    = {Dinghan Shen and Yizhe Zhang and Ricardo Henao and Qinliang Su and Lawrence Carin},
  booktitle = {Proceedings of AAAI},
  year      = {2018}
}

@InProceedings{bornschein2015,
  title     = {{R}eweighted {W}ake-{S}leep},
  author    = {Jorg Bornschein and Yoshua Bengio},
  booktitle = {Proceedings of ICLR},
  year      = {2015}
}


@InProceedings{miller2017,
  title     = {{R}educing {R}eparameterization {G}radient {V}ariance},
  author    = {Andrew C. Miller and Nicholas J. Foti and Alexander D'Amour and Ryan P. Adams},
  booktitle = {Proceedings of NIPS},
  year      = {2017}
}


@InProceedings{park2018,
  title     = {{A} {H}ierarchical {L}atent {S}tructure for {V}ariational {C}onversation {M}odeling},
  author    = {Yookoon Park and Jaemin Cho and Gunhee Kim},
  booktitle = {Proceedings of NAACL},
  year      = {2018}
}

@InProceedings{Goyal2017b,
  title     = {{Z}-{F}orcing: {T}raining {S}tochastic {R}ecurrent {N}etworks},
  author    = {Anirudh Goyal and Alessandro Sordoni and Marc-Alexandre Cote and Nan Rosemary Ke and Yoshua Bengio},
  booktitle = {Proceedings of NIPS},
  year      = {2017}
}


@InProceedings{Serban2017,
  title     = {{A} {H}ierarchical {L}atent {V}ariable {E}ncoder-{D}ecoder {M}odel for {G}enerating {D}ialogues},
  author    = {Iulian Vlad Serban and Alessandro Sordoni and Ryan Lowe and Laurent Charlin and Joelle Pineau and Aaron Courville and Yoshua Bengio},
  booktitle = {Proceedings of AAAI},
  year      = {2017}
}

@InProceedings{Chung2015,
  title     = {{A} {R}ecurrent {L}atent {V}ariable {M}odel for {S}equential {D}ata},
  author    = {Junyoung Chung and Kyle Kastner and Laurent Dinh and Kratarth Goel and Aaron Courville and Yoshua Bengio},
  booktitle = {Proceedings of NIPS},
  year      = {2015}
}

@InProceedings{Fraccaro2016,
  title     = {{S}equential {N}eural {M}odels with {S}tochastic {L}ayers},
  author    = {Marco Fraccaro and Soren Kaae Sonderby and Ulrich Paquet and Ole Winther},
  booktitle = {Proceedings of NIPS},
  year      = {2016}
} 

@incollection{aggarwal2012survey,
  title={A {S}urvey of {T}ext {C}lustering {A}lgorithms},
  author={Aggarwal, Charu C. and Zhai, ChengXiang},
  booktitle={Mining Text Data},
  pages={77--128},
  year={2012},
  publisher={Springer}
}

@inproceedings{xu2015short,
  title={Short {T}ext {C}lustering via {C}onvolutional {N}eural {N}etworks},
  author={Xu, Jiaming and Wang, Peng and Tian, Guanhua and Xu, Bo and Zhao, Jun and Wang, Fangyuan and Hao, Hongwei},
  booktitle={Proceedings of NAACL},
  year={2015}
}

@inproceedings{xie2016unsupervised,
  title={Unsupervised {D}eep {E}mbedding for {C}lustering {A}nalysis},
  author={Xie, Junyuan and Girshick, Ross and Farhadi, Ali},
  booktitle={Proceedings of ICML},
  year={2016}
}

@inproceedings{macqueen1967some,
  title={{S}ome {M}ethods for {C}lassification and {A}nalysis of {M}ultivariate {O}bservations},
  author={MacQueen, James and others},
  booktitle={Proceedings of the fifth Berkeley symposium on mathematical statistics and probability},
  volume={1},
  pages={281--297},
  year={1967},
  organization={Oakland, CA, USA}
}

@inproceedings{le2014distributed,
  title={Distributed {R}epresentations of {S}entences and {D}ocuments},
  author={Le, Quoc and Mikolov, Tomas},
  booktitle={Proceedings of ICML},
  year={2014}
}

@inproceedings{lee2016stochastic,
  title={Stochastic {M}ultiple {C}hoice {L}earning for {T}raining {D}iverse {D}eep {E}nsembles},
  author={Lee, Stefan and Prakash, Senthil Purushwalkam Shiva and Cogswell, Michael and Ranjan, Viresh and Crandall, David and Batra, Dhruv},
  booktitle={Proceedings of NIPS},
  year={2016}
}

@article{gehrmann2018end,
  title={End-to-End Content and Plan Selection for Natural Language Generation},
  author={Gehrmann, Sebastian and Dai, Falcon Z. and Elder, Henry and Rush, Alexander M.},
  year = {2018},
  url = {http://www.macs.hw.ac.uk/InteractionLab/E2E/final_papers/E2E-HarvardNLP.pdf},
}

@article{brown1992class,
  title={Class-based {N}-gram {M}odels of {N}atural {L}anguage},
  author={Brown, Peter F and Desouza, Peter V and Mercer, Robert L and Pietra, Vincent J Della and Lai, Jenifer C},
  journal={Computational linguistics},
  volume={18},
  number={4},
  pages={467--479},
  year={1992},
  publisher={MIT Press}
}

@article{merialdo1994tagging,
  title={Tagging English text with a probabilistic model},
  author={Merialdo, Bernard},
  journal={Computational linguistics},
  volume={20},
  number={2},
  pages={155--171},
  year={1994},
  publisher={MIT Press}
}

@inproceedings{smith2005contrastive,
  title={{C}ontrastive {E}stimation: {T}raining log-linear models on unlabeled data},
  author={Smith, Noah A and Eisner, Jason},
  booktitle={Proceedings of ACL},
  pages={354--362},
  year={2005},
  organization={Association for Computational Linguistics}
}

@inproceedings{johnson2007doesn,
  title={Why doesn’t {EM} find good {HMM} {POS}-taggers?},
  author={Johnson, Mark},
  booktitle={Proceedings of EMNLP-CoNLL},
  year={2007}
}

@inproceedings{haghighi2006prototype,
  title={Prototype-driven {L}earning for {S}equence {M}odels},
  author={Haghighi, Aria and Klein, Dan},
  booktitle={Proceedings of ACL},
  year={2006}
}

@inproceedings{toutanova2008bayesian,
  title={A {B}ayesian {LDA}-based {M}odel for {S}emi-{S}upervised {P}art-of-{S}peech {T}agging},
  author={Toutanova, Kristina and Johnson, Mark},
  booktitle={Proceedings of NIPS},
  year={2008}
}


@inproceedings{christodoulopoulos2010two,
  title={{T}wo {D}ecades of {U}nsupervised {POS} {I}nduction: {H}ow Far have we come?},
  author={Christodoulopoulos, Christos and Goldwater, Sharon and Steedman, Mark},
  booktitle={Proceedings of EMNLP},
  year={2010}
}

@article{stratos2016unsupervised,
  title={{U}nsupervised {P}art-of-{S}peech {T}agging with {A}nchor {H}idden {M}arkov {M}odels},
  author={Stratos, Karl and Collins, Michael and Hsu, Daniel},
  journal={Transactions of the Association for Computational Linguistics},
  volume={4},
  pages={245--257},
  year={2016}
}

@inproceedings{blunsom2011hierarchical,
  title={A {H}ierarchical {P}itman-{Y}or process {HMM} for {U}nsupervised {P}art of {S}peech {I}nduction},
  author={Blunsom, Phil and Cohn, Trevor},
  booktitle={Proceedings of ACL},
  year={2011},
  organization={Association for Computational Linguistics}
}

@article{lin2015unsupervised,
  title={Unsupervised {POS} {I}nduction with {W}ord {E}mbeddings},
  author={Lin, Chu-Cheng and Ammar, Waleed and Dyer, Chris and Levin, Lori},
  journal={arXiv preprint arXiv:1503.06760},
  year={2015}
}

@inproceedings{klein2004corpus,
  title={Corpus-based {I}nduction of {S}yntactic {S}tructure: {M}odels of {D}ependency and {C}onstituency},
  author={Klein, Dan and Manning, Christopher D},
  booktitle={Proceedings of ACL},
  year={2004}
}

@inproceedings{jiang2016unsupervised,
  title={{U}nsupervised {N}eural {D}ependency {P}arsing},
  author={Jiang, Yong and Han, Wenjuan and Tu, Kewei},
  booktitle={Proceedings of EMNLP},
  year={2016}
}

@inproceedings{cai2017crf,
  title={{CRF} {A}utoencoder for {U}nsupervised {D}ependency {P}arsing},
  author={Cai, Jiong and Jiang, Yong and Tu, Kewei},
  booktitle={Proceedings of EMNLP},
  year={2017}
}

@inproceedings{han2017dependency,
  title={Dependency {G}rammar {I}nduction with {N}eural {L}exicalization and {B}ig {T}raining {D}ata},
  author={Han, Wenjuan and Jiang, Yong and Tu, Kewei},
  booktitle={Proceedings of EMNLP},
  year={2017}
}

@inproceedings{headden2009improving,
  title={Improving {U}nsupervised {D}ependency {P}arsing with {R}icher {C}ontexts and {S}moothing},
  author={Headden III, William P and Johnson, Mark and McClosky, David},
  booktitle={Proceedings of NAACL},
  year={2009}
}

@inproceedings{spitkovsky2011unsupervised,
  title={Unsupervised dependency parsing without gold part-of-speech tags},
  author={Spitkovsky, Valentin I and Alshawi, Hiyan and Chang, Angel X and Jurafsky, Daniel},
  booktitle={Proceedings of the conference on empirical methods in natural language processing},
  pages={1281--1290},
  year={2011},
  organization={Association for Computational Linguistics}
}

@inproceedings{spitkovsky2010viterbi,
  title={Viterbi {T}raining {I}mproves {U}nsupervised {D}ependency {P}arsing},
  author={Spitkovsky, Valentin I and Alshawi, Hiyan and Jurafsky, Daniel and Manning, Christopher D},
  booktitle={Proceedings of CoNLL},
  year={2010}
}

@inproceedings{miao2016language,
  title={Language as a {L}atent {V}ariable: {D}iscrete {G}enerative {M}odels for {S}entence {C}ompression},
  author={Miao, Yishu and Blunsom, Phil},
  booktitle={Proceedings of EMNLP},
  year={2016}
}


@article{joulin2016bag,
  title={Bag of {T}ricks for {E}fficient {T}ext {C}lassification},
  author={Joulin, Armand and Grave, Edouard and Bojanowski, Piotr and Mikolov, Tomas},
  journal={arXiv preprint arXiv:1607.01759},
  year={2016}
}

@inproceedings{kiros2015skip,
  title={Skip-thought {V}ectors},
  author={Kiros, Ryan and Zhu, Yukun and Salakhutdinov, Ruslan R and Zemel, Richard and Urtasun, Raquel and Torralba, Antonio and Fidler, Sanja},
  booktitle={Proceedings of NIPS},
  year={2015}
}

@InProceedings{peters2018deep,
  author = 	{Peters, Matthew
		and Neumann, Mark
		and Iyyer, Mohit
		and Gardner, Matt
		and Clark, Christopher
		and Lee, Kenton
		and Zettlemoyer, Luke},
  title = 	{{D}eep {C}ontextualized {W}ord {R}epresentations},
  booktitle = 	{Proceedings of NAACL},
  year = 	{2018}
}

@inproceedings{conneau2017supervised,
  title={Supervised {L}earning of {U}niversal {S}entence {R}epresentations from {N}atural {L}anguage {I}nference {D}ata},
  author={Conneau, Alexis and Kiela, Douwe and Schwenk, Holger and Barrault, Lo{\"\i}c and Bordes, Antoine},
  booktitle={Proceedings of EMNLP},
  year={2017}
}

@inproceedings{pagliardini2018unsupervised,
  title={Unsupervised {L}earning of {S}entence {E}mbeddings {U}sing {C}ompositional {N}-Gram {F}eatures},
  author={Pagliardini, Matteo and Gupta, Prakhar and Jaggi, Martin},
  booktitle={Proceedings of NAACL},
  year={2018}
}

@article{ruckle2018concatenated,
  title={Concatenated $ p $-mean Word Embeddings as Universal Cross-Lingual Sentence Representations},
  author={R{\"u}ckl{\'e}, Andreas and Eger, Steffen and Peyrard, Maxime and Gurevych, Iryna},
  journal={arXiv preprint arXiv:1803.01400},
  year={2018}
}

@article{cer2018universal,
  title={Universal sentence encoder},
  author={Cer, Daniel and Yang, Yinfei and Kong, Sheng-yi and Hua, Nan and Limtiaco, Nicole and John, Rhomni St and Constant, Noah and Guajardo-Cespedes, Mario and Yuan, Steve and Tar, Chris and others},
  journal={arXiv preprint arXiv:1803.11175},
  year={2018}
}


@inproceedings{hu2017toward,
  title={Toward {C}ontrolled {G}eneration of {T}ext},
  author={Hu, Zhiting and Yang, Zichao and Liang, Xiaodan and Salakhutdinov, Ruslan and Xing, Eric P},
  booktitle={Proceedings of ICML},
  year={2017}
}

@inproceedings{kong2016segrnn,
  title={Segmental {R}ecurrent {N}eural {N}etworks},
  author={Lingpeng Kong and Chris Dyer and Noah A. Smith},
  booktitle={Proceedings of ICLR},
  year={2016}
}



@inproceedings{vogel1996hmm,
  title={HMM-based word alignment in statistical translation},
  author={Vogel, Stephan and Ney, Hermann and Tillmann, Christoph},
  booktitle={Proceedings of the 16th conference on Computational linguistics-Volume 2},
  pages={836--841},
  year={1996},
  organization={Association for Computational Linguistics}
}
@InProceedings{Gulrajani2017wgan,
  title     = {{I}mproved {T}raining of {W}asserstein {GAN}s},
  author    = {Ishaan Gulrajani and Faruk Ahmed and Martin Arjovsky and Vincent Dumoulin, Aaron Courville},
  booktitle = {Proceedings of NIPS},
  year      = {2017}
}
@article{hearst1997texttiling,
  title={TextTiling: Segmenting text into multi-paragraph subtopic passages},
  author={Hearst, Marti A},
  journal={Computational linguistics},
  volume={23},
  number={1},
  pages={33--64},
  year={1997},
  publisher={MIT Press}
}

@article{sutton2012introduction,
  title={An introduction to conditional random fields},
  author={Sutton, Charles and McCallum, Andrew and others},
  journal={Foundations and Trends{\textregistered} in Machine Learning},
  volume={4},
  number={4},
  pages={267--373},
  year={2012},
  publisher={Now Publishers, Inc.}
}

@inproceedings{wiseman2018learning,
  title={Learning Neural Templates for Text Generation},
  author={Wiseman, Sam and Shieber, Stuart M and Rush, Alexander M},
  booktitle = {Proceedings of EMNLP},
  year={2018}
}

@Book{bishop2006prml,
  author={Christopher M. Bishop},
  title={{P}attern {R}ecognition and {M}achine {L}earning},
  publisher={Springer},
  year={2006},
}

@inproceedings{
yang2018breaking,
title={{B}reaking the {S}oftmax {B}ottleneck: {A} {H}igh-{R}ank {RNN} {L}anguage {M}odel},
author={Zhilin Yang and Zihang Dai and Ruslan Salakhutdinov and William W. Cohen},
booktitle={Proceedings of ICLR},
year={2018}
}

@InProceedings{kaiser2018fast,
  title = 	 {Fast {D}ecoding in {S}equence {M}odels {U}sing {D}iscrete {L}atent {V}ariables},
  author = 	 {Kaiser, Lukasz and Bengio, Samy and Roy, Aurko and Vaswani, Ashish and Parmar, Niki and Uszkoreit, Jakob and Shazeer, Noam},
  booktitle = 	 {Proceedings of ICML},
  year = 	 {2018}
}

@article{roy2018theory,
  title={Theory and Experiments on Vector Quantized Autoencoders},
  author={Roy, Aurko and Vaswani, Ashish and Neelakantan, Arvind and Parmar, Niki},
  journal={arXiv preprint arXiv:1805.11063},
  year={2018}
}

@article{jacobs1991adaptive,
  title={Adaptive mixtures of local experts},
  author={Jacobs, Robert A and Jordan, Michael I and Nowlan, Steven J and Hinton, Geoffrey E},
  journal={Neural computation},
  volume={3},
  number={1},
  pages={79--87},
  year={1991},
  publisher={MIT Press}
}

@inproceedings{garmash2016ensemble,
  title={Ensemble learning for multi-source neural machine translation},
  author={Garmash, Ekaterina and Monz, Christof},
  booktitle={Proceedings of COLING 2016, the 26th International Conference on Computational Linguistics: Technical Papers},
  pages={1409--1418},
  year={2016}
}

@InProceedings{shazeer2017outrageously,
  title={Outrageously {L}arge {N}eural {N}etworks: The {S}parsely-{G}ated {M}ixture-of-{E}xperts {L}ayer},
  author={Shazeer, Noam and Mirhoseini, Azalia and Maziarz, Krzysztof and Davis, Andy and Le, Quoc and Hinton, Geoffrey and Dean, Jeff},
  booktitle={Proceedings of ICLR},
  year={2017}
}

@article{eigen2013learning,
  title={Learning {F}actored {R}epresentations in a {D}eep {M}ixture of {E}xperts},
  author={Eigen, David and Ranzato, Marc'Aurelio and Sutskever, Ilya},
  journal={arXiv preprint arXiv:1312.4314},
  year={2013}
}


@InProceedings{zaheer2017latent,
  title={Latent {LSTM} {A}llocation: {J}oint {C}lustering and {N}on-{L}inear {D}ynamic {M}odeling of {S}equence {D}ata},
  author={Manzil Zaheer and Amr Ahmed and Alexander J. Smola},
  booktitle={Proceedings of ICML},
  year={2017}
}


@InProceedings{lee2018deterministic,
  title={Deterministic {N}on-{A}utoregressive {N}eural {S}equence {M}odeling by {I}terative {R}efinement},
  author={Lee, Jason and Mansimov, Elman and Cho, Kyunghyun},
  booktitle={Proceedings of EMNLP},
  year={2018}
}

@book{glasserman2013monte,
  title={Monte {C}arlo {M}ethods in {F}inancial {E}ngineering},
  author={Glasserman, Paul},
  volume={53},
  year={2013},
  publisher={Springer Science \& Business Media}
}

@inproceedings{
gu2018nonautoregressive,
title={{N}on-{A}utoregressive {N}eural {M}achine {T}ranslation},
author={Jiatao Gu and James Bradbury and Caiming Xiong and Victor O.K. Li and Richard Socher},
booktitle={Proceedings of ICLR},
year={2018}
}

@inproceedings{wang2017topic,
  title={Topic {C}ompositional {N}eural {L}anguage {M}odel},
  author={Wang, Wenlin and Gan, Zhe and Wang, Wenqi and Shen, Dinghan and Huang, Jiaji and Ping, Wei and Satheesh, Sanjeev and Carin, Lawrence},
booktitle={Proceedings of AISTATS},
  year={2018}
}

@inproceedings{yin2016neural,
  title={Neural {G}enerative {Q}uestion {A}nswering},
  author={Yin, Jun and Jiang, Xin and Lu, Zhengdong and Shang, Lifeng and Li, Hang and Li, Xiaoming},
  booktitle={Proceedings of AAAI},
  year={2016}
}

@inproceedings{le2016lstm,
  title={{LSTM}-{B}ased {M}ixture-of-{E}xperts for {K}nowledge-{A}ware {D}ialogues},
  author={Le, Phong and Dymetman, Marc and Renders, Jean-Michel},
  booktitle={Proceedings of the 1st Workshop on Representation Learning for NLP},
  year={2016}
}

@article{diggle1984monte,
  title={Monte Carlo methods of inference for implicit statistical models},
  author={Diggle, Peter J and Gratton, Richard J},
  journal={Journal of the Royal Statistical Society. Series B (Methodological)},
  pages={193--227},
  year={1984},
  publisher={JSTOR}
}

@inproceedings{
merity2018regularizing,
title={Regularizing and Optimizing {LSTM} Language Models},
author={Stephen Merity and Nitish Shirish Keskar and Richard Socher},
booktitle={International Conference on Learning Representations},
year={2018},
url={https://openreview.net/forum?id=SyyGPP0TZ},
}

@inproceedings{gu2016incorporating,
  title={Incorporating Copying Mechanism in Sequence-to-Sequence Learning},
  author={Gu, Jiatao and Lu, Zhengdong and Li, Hang and Li, Victor OK},
  booktitle={Proceedings of the 54th Annual Meeting of the Association for Computational Linguistics (Volume 1: Long Papers)},
  volume={1},
  pages={1631--1640},
  year={2016}
}


@article{blei2003latent,
  title={Latent dirichlet allocation},
  author={Blei, David M and Ng, Andrew Y and Jordan, Michael I},
  journal={Journal of machine Learning research},
  volume={3},
  number={Jan},
  pages={993--1022},
  year={2003}
}

@inproceedings{gulcehre2016pointing,
  title={Pointing the Unknown Words},
  author={Gulcehre, Caglar and Ahn, Sungjin and Nallapati, Ramesh and Zhou, Bowen and Bengio, Yoshua},
  booktitle={Proceedings of the 54th Annual Meeting of the Association for Computational Linguistics (Volume 1: Long Papers)},
  volume={1},
  pages={140--149},
  year={2016}
}

@inproceedings{hoffman2010online,
  title={Online learning for latent dirichlet allocation},
  author={Hoffman, Matthew and Bach, Francis R and Blei, David M},
  booktitle={advances in neural information processing systems},
  pages={856--864},
  year={2010}
}